<?xml version="1.0" encoding="UTF-8"?>
<?xml-stylesheet type="text/xsl" href="https://www.revistas.usp.br/lib/pkp/xml/oai2.xsl" ?>
<OAI-PMH xmlns="http://www.openarchives.org/OAI/2.0/" xmlns:xsi="http://www.w3.org/2001/XMLSchema-instance" xsi:schemaLocation="http://www.openarchives.org/OAI/2.0/ http://www.openarchives.org/OAI/2.0/OAI-PMH.xsd">
<responseDate>2023-08-07T14:50:30Z</responseDate>
<request verb="ListRecords" metadataPrefix="marcxml" set="actafisiatrica">https://www.revistas.usp.br/actafisiatrica/oai</request>
<ListRecords>
<record>
<header>
<identifier>oai:revistas.usp.br:article/167642</identifier>
<datestamp>2020-11-06T10:09:11Z</datestamp>
<setSpec>actafisiatrica:Art.+Rev.</setSpec>
<setSpec>driver</setSpec>
</header>
<metadata>
<record xmlns="http://www.loc.gov/MARC21/slim" xmlns:xsi="http://www.w3.org/2001/XMLSchema-instance" xsi:schemaLocation="http://www.loc.gov/MARC21/slim http://www.loc.gov/standards/marcxml/schema/MARC21slim.xsd">
<leader>     nmb a2200000Iu 4500</leader>
<controlfield tag="008">"191231 2019                        eng  "</controlfield>
<datafield tag="022" ind1="#" ind2="#">
<subfield code="$a">2317-0190</subfield>
</datafield>
<datafield tag="022" ind1="#" ind2="#">
<subfield code="$a">0104-7795</subfield>
</datafield>
<datafield tag="042" ind1=" " ind2=" ">
<subfield code="a">dc</subfield>
</datafield>
<datafield tag="245" ind1="0" ind2="0">
<subfield code="a">A perspectiva dos pais sobre a reabilitação fisioterapêutica de crianças com deficiência múltipla</subfield>
</datafield>  <datafield tag="720" ind1="1" ind2=" ">
<subfield code="a">Pamplona, Edilene Araújo</subfield>
<subfield code="u">Universidade Federal da Paraíba – UFPB</subfield><subfield code="0">https://orcid.org/0000-0001-5530-4333</subfield></datafield>
<datafield tag="720" ind1="1" ind2=" ">
<subfield code="a">Neves, Robson da Fonseca</subfield>
<subfield code="u">Departamento de Fisioterapia, Universidade Federal da Paraíba – UFPB</subfield><subfield code="0">https://orcid.org/0000-0002-3889-560X</subfield></datafield>
<datafield tag="720" ind1="1" ind2=" ">
<subfield code="a">Araújo, Andressa Medeiros</subfield>
<subfield code="u">Universidade Federal da Paraíba – UFPB</subfield><subfield code="0">https://orcid.org/0000-0003-1565-8705</subfield></datafield>
<datafield tag="720" ind1="1" ind2=" ">
<subfield code="a">Guedes de Brito, Geraldo Eduardo</subfield>
<subfield code="u">Departamento de Fisioterapia, Universidade Federal da Paraíba – UFPB</subfield><subfield code="0">https://orcid.org/0000-0002-3059-3164</subfield></datafield>
<datafield tag="720" ind1="1" ind2=" ">
<subfield code="a">Soares Forte, Franklin Delano</subfield>
<subfield code="u">Departamento de Clínica e Odontologia Social, Universidade Federal da Paraíba – UFPB</subfield><subfield code="0">https://orcid.org/0000-0003-4237-0184</subfield></datafield>
<datafield tag="720" ind1="1" ind2=" ">
<subfield code="a">Queiroz Silva Ribeiro, Kátia Suely</subfield>
<subfield code="u">Departamento de Fisioterapia, Universidade Federal da Paraíba – UFPB</subfield><subfield code="0">https://orcid.org/0000-0002-5850-7176</subfield></datafield>
<datafield tag="520" ind1=" " ind2=" ">
<subfield code="a"> A deficiência múltipla (DM) é caracterizada pela presença de duas ou mais deficiências que são capazes de influenciar o desenvolvimento e a funcionalidade dos indivíduos que a possui. A reabilitação nestes casos passa invariavelmente pela atuação fisioterapêutica que pode proporcionar ganhos funcionais e sociais para a crianças que sofrem com a DM e para suas famílias. Objetivo: Analisar como a literatura científica aborda a percepção dos pais em relação ao tratamento fisioterapêutico de crianças com deficiência múltipla. Método: Foi realizada uma metassíntese qualitativa por meio de uma busca sistemática de estudos qualitativos publicados entre 2013 e 2018 nas bases de dados Scopus e PsycINFO. A análise dos dados consistiu em três etapas propostas: sistematização dos conceitos de primeira ordem, que envolvem a identificação dos conceitos encontrados nos artigos originais; a interpretação de segunda ordem, processo de comparação e interpretação de conceitos que se repetem e, por fim, a síntese interpretativa, que são uma reinterpretação dos conceitos de segunda ordem. Resultados: Foram incluídos oito estudos e deles emergiram cinco conceitos de segunda ordem que serviram de base para a elaboração de duas sínteses interpretativas: Participação dos pais no processo de reabilitação e Informação e comunicação entre pais e fisioterapeutas na percepção das melhoras físicas obtidas com o tratamento. Conclusão: Os estudos apontaram que os pais percebem a eficácia do tratamento fisioterapêutico, no entanto, foram identificadas algumas barreiras que dificultam a realização de uma intervenção adequada. </subfield>
</datafield>
<datafield tag="260" ind1=" " ind2=" ">
<subfield code="b">Faculdade de Medicina, Universidade de São Paulo</subfield>
</datafield>
<dataField tag="260" ind1=" " ind2=" ">
<subfield code="c">2019-12-31 00:00:00</subfield>
</dataField>   <datafield tag="856" ind1=" " ind2=" ">
<subfield code="q">application/pdf</subfield>
</datafield>
<datafield tag="856" ind1="4" ind2="0">
<subfield code="u">https://www.revistas.usp.br/actafisiatrica/article/view/167642</subfield>
</datafield>  <datafield tag="786" ind1="0" ind2=" ">
<subfield code="n">Acta Fisiátrica; v. 26 n. 4 (2019)</subfield>
</datafield>  <datafield tag="546" ind1=" " ind2=" ">
<subfield code="a">por</subfield>
</datafield>   <datafield tag="540" ind1=" " ind2=" ">
<subfield code="a">Copyright (c) 2019 Acta Fisiátrica</subfield>
</datafield>
</record>
</metadata>
</record>