
<record>
<header>
<identifier>oai:revistas.usp.br:article/167686</identifier>
<datestamp>2020-09-02T17:29:07Z</datestamp>
<setSpec>actafisiatrica:Art.+Rev.</setSpec>
<setSpec>driver</setSpec>
</header>
<metadata>
<record xmlns="http://www.loc.gov/MARC21/slim" xmlns:xsi="http://www.w3.org/2001/XMLSchema-instance" xsi:schemaLocation="http://www.loc.gov/MARC21/slim http://www.loc.gov/standards/marcxml/schema/MARC21slim.xsd">
<leader>     nmb a2200000Iu 4500</leader>
<controlfield tag="008">"190930 2019                        eng  "</controlfield>
<datafield tag="022" ind1="#" ind2="#">
<subfield code="$a">2317-0190</subfield>
</datafield>
<datafield tag="022" ind1="#" ind2="#">
<subfield code="$a">0104-7795</subfield>
</datafield>
<datafield tag="042" ind1=" " ind2=" ">
<subfield code="a">dc</subfield>
</datafield>
<datafield tag="245" ind1="0" ind2="0">
<subfield code="a">Comparação do conteúdo entre: qualidade de vida e escalas de funcionalidade para a paraparesia espástica não-traumática de acordo com a Classificação Internacional de Funcionalidade, Incapacidade e Saúde</subfield>
</datafield>  <datafield tag="720" ind1="1" ind2=" ">
<subfield code="a">Coelho, Juliana Nogueira</subfield>
<subfield code="u">Faculdade de Medicina de Ribeirão Preto da Universidade de São Paulo - FMRP-USP</subfield><subfield code="0">https://orcid.org/0000-0002-0129-5248</subfield></datafield>
<datafield tag="720" ind1="1" ind2=" ">
<subfield code="a">Almeida, Camila de</subfield>
<subfield code="u">Centro de Reabilitação do Hospital das Clínicas da Faculdade de Medicina de Ribeirão Preto - CER-HCRP</subfield></datafield>
<datafield tag="720" ind1="1" ind2=" ">
<subfield code="a">Riberto, Marcelo</subfield>
<subfield code="u">Faculdade de Medicina de Ribeirão Preto da Universidade de São Paulo - FMRP-USP</subfield><subfield code="0">https://orcid.org/0000-0001-9549-8830</subfield></datafield>
<datafield tag="520" ind1=" " ind2=" ">
<subfield code="a"> Purpose: Identify instruments used for the functional evaluation of people with Non-traumatic Spinal Cord Injury (NTSP), and compare their contents according to ICF concepts. Method: Literature review was conducted in the Medline, Scielo, Pubmed, and Bireme databases with the descriptors “spastic paraparesis,” “functional evaluation,” “neurological examination,” “neurological scales,” “neurological evaluation,” and “neurological evaluation measurements,” to find articles reporting the functional evaluation scales having been applied on individuals with NTSP. The content of such instruments was compared after linking them to ICF. Results: The systematic review identified 12 instruments for functional evaluation instruments of NTSP, in we described 153 ICF categories, concentrated mainly in: neuromusculoskeletal functions, digestive, motor activities, and self-care. Among the environmental factors: assistive technology for mobility, to personal use in daily life deserved greater attention. Conclusion: This study provided a guide to identify instruments to evaluate the functionality of individuals with NTSP. </subfield>
</datafield>
<datafield tag="260" ind1=" " ind2=" ">
<subfield code="b">Faculdade de Medicina, Universidade de São Paulo</subfield>
</datafield>
<dataField tag="260" ind1=" " ind2=" ">
<subfield code="c">2019-09-30 00:00:00</subfield>
</dataField>   <datafield tag="856" ind1=" " ind2=" ">
<subfield code="q">application/pdf</subfield>
</datafield>
<datafield tag="856" ind1="4" ind2="0">
<subfield code="u">https://www.revistas.usp.br/actafisiatrica/article/view/167686</subfield>
</datafield>  <datafield tag="786" ind1="0" ind2=" ">
<subfield code="n">Acta Fisiátrica; v. 26 n. 3 (2019)</subfield>
</datafield>  <datafield tag="546" ind1=" " ind2=" ">
<subfield code="a">eng</subfield>
</datafield>   <datafield tag="540" ind1=" " ind2=" ">
<subfield code="a">Copyright (c) 2019 Acta Fisiátrica</subfield>
</datafield>
</record>
</metadata>
</record>