
<record>
<header>
<identifier>oai:revistas.usp.br:article/168026</identifier>
<datestamp>2020-09-03T15:30:41Z</datestamp>
<setSpec>actafisiatrica:Art.+Rev.</setSpec>
<setSpec>driver</setSpec>
</header>
<metadata>
<record xmlns="http://www.loc.gov/MARC21/slim" xmlns:xsi="http://www.w3.org/2001/XMLSchema-instance" xsi:schemaLocation="http://www.loc.gov/MARC21/slim http://www.loc.gov/standards/marcxml/schema/MARC21slim.xsd">
<leader>     nmb a2200000Iu 4500</leader>
<controlfield tag="008">"190930 2019                        eng  "</controlfield>
<datafield tag="022" ind1="#" ind2="#">
<subfield code="$a">2317-0190</subfield>
</datafield>
<datafield tag="022" ind1="#" ind2="#">
<subfield code="$a">0104-7795</subfield>
</datafield>
<datafield tag="042" ind1=" " ind2=" ">
<subfield code="a">dc</subfield>
</datafield>
<datafield tag="245" ind1="0" ind2="0">
<subfield code="a">Rastreamento de câncer em mulheres deficientes: revisão integrativa</subfield>
</datafield>  <datafield tag="720" ind1="1" ind2=" ">
<subfield code="a">Boer, Renata</subfield>
<subfield code="u">Escola de Enfermagem de Ribeirão Preto da Universidade de São Paulo - EERP-USP</subfield><subfield code="0">https://orcid.org/0000-0001-5219-0676</subfield></datafield>
<datafield tag="720" ind1="1" ind2=" ">
<subfield code="a">Gozzo, Thais de Oliveira</subfield>
<subfield code="u">Escola de Enfermagem de Ribeirão Preto da Universidade de São Paulo - EERP-USP</subfield><subfield code="0">https://orcid.org/0000-0002-7687-9459</subfield></datafield>
<datafield tag="520" ind1=" " ind2=" ">
<subfield code="a"> Para tentar reduzir a morbidade e mortalidade por câncer, têm sido utilizadas estratégias de diagnóstico precoce e de rastreamento da doença. Para que as ações de rastreamento sejam eficazes, devem ser disponibilizadas a toda população. Entretanto não é essa a realidade de mulheres com deficiência. Objetivo: Identificar como tem sido realizado o rastreamento de câncer em mulheres com deficiência. Método: Foi realizada uma revisão integrativa da literatura com buscas realizadas nas bases de dados Pubmed, LILACS e Web of Science. Resultados: Foram incluídos 25 artigos, e pode-se observar que mulheres com deficiência apresentaram barreiras para o acesso aos serviços de saúde: escolaridade, renda, nível de incapacidade, estado civil, estar inserido em sistema de saúde privado, idade, ter um cuidador, falta de adaptação dos serviços para pessoas com deficiência e falta de conhecimento dos profissionais e das próprias mulheres. Como consequência dessas barreias, as mulheres com deficiência apresentam menor probabilidade de realizarem os exames de rastreamento. Conclusão: As mulheres com deficiência são menos propensas a comporem os programas de rastreamento do câncer de mama e colo do útero, mesmo entre países desenvolvidos. </subfield>
</datafield>
<datafield tag="260" ind1=" " ind2=" ">
<subfield code="b">Faculdade de Medicina, Universidade de São Paulo</subfield>
</datafield>
<dataField tag="260" ind1=" " ind2=" ">
<subfield code="c">2019-09-30 00:00:00</subfield>
</dataField>   <datafield tag="856" ind1=" " ind2=" ">
<subfield code="q">application/pdf</subfield>
</datafield>
<datafield tag="856" ind1="4" ind2="0">
<subfield code="u">https://www.revistas.usp.br/actafisiatrica/article/view/168026</subfield>
</datafield>  <datafield tag="786" ind1="0" ind2=" ">
<subfield code="n">Acta Fisiátrica; v. 26 n. 3 (2019)</subfield>
</datafield>  <datafield tag="546" ind1=" " ind2=" ">
<subfield code="a">por</subfield>
</datafield>   <datafield tag="540" ind1=" " ind2=" ">
<subfield code="a">Copyright (c) 2019 Acta Fisiátrica</subfield>
</datafield>
</record>
</metadata>
</record>