
<record>
<header>
<identifier>oai:revistas.usp.br:article/168160</identifier>
<datestamp>2020-09-04T11:52:43Z</datestamp>
<setSpec>actafisiatrica:Art.+Orig.</setSpec>
<setSpec>driver</setSpec>
</header>
<metadata>
<record xmlns="http://www.loc.gov/MARC21/slim" xmlns:xsi="http://www.w3.org/2001/XMLSchema-instance" xsi:schemaLocation="http://www.loc.gov/MARC21/slim http://www.loc.gov/standards/marcxml/schema/MARC21slim.xsd">
<leader>     nmb a2200000Iu 4500</leader>
<controlfield tag="008">"190930 2019                        eng  "</controlfield>
<datafield tag="022" ind1="#" ind2="#">
<subfield code="$a">2317-0190</subfield>
</datafield>
<datafield tag="022" ind1="#" ind2="#">
<subfield code="$a">0104-7795</subfield>
</datafield>
<datafield tag="042" ind1=" " ind2=" ">
<subfield code="a">dc</subfield>
</datafield>
<datafield tag="245" ind1="0" ind2="0">
<subfield code="a">Perfil de pacientes com sequelas de acidente vascular cerebral internados em um centro de reabilitação</subfield>
</datafield>  <datafield tag="720" ind1="1" ind2=" ">
<subfield code="a">Marques, Jessica Carla</subfield>
<subfield code="u">Pontifícia Universidade Católica de Goiás - PUC/GO</subfield><subfield code="0">https://orcid.org/0000-0001-9091-6239</subfield></datafield>
<datafield tag="720" ind1="1" ind2=" ">
<subfield code="a">Silva, Francine  Aguilera Rodrigues</subfield>
<subfield code="u">Pontifícia Universidade Católica de Goiás - PUC/GO</subfield><subfield code="0">https://orcid.org/0000-0003-1368-7924</subfield></datafield>
<datafield tag="720" ind1="1" ind2=" ">
<subfield code="a">Martins, Amanda Neris</subfield>
<subfield code="u">Pontifícia Universidade Católica de Goiás - PUC/GO</subfield><subfield code="0">https://orcid.org/0000-0002-9218-8586</subfield></datafield>
<datafield tag="720" ind1="1" ind2=" ">
<subfield code="a">Oliveira Perdigão, Francyelle Sales</subfield>
<subfield code="u">Pontifícia Universidade Católica de Goiás - PUC/GO</subfield><subfield code="0">https://orcid.org/0000-0001-8712-6543</subfield></datafield>
<datafield tag="720" ind1="1" ind2=" ">
<subfield code="a">Martins Prudente, Cejane Oliveira</subfield>
<subfield code="u">Pontifícia Universidade Católica de Goiás - PUC/GO</subfield><subfield code="0">https://orcid.org/0000-0001-6499-3011</subfield></datafield>
<datafield tag="720" ind1="1" ind2=" ">
<subfield code="a">Fagundes, Rayne Ramos</subfield>
<subfield code="u">Pontifícia Universidade Católica de Goiás - PUC/GO</subfield><subfield code="0">https://orcid.org/0000-0002-7090-1336</subfield></datafield>
<datafield tag="520" ind1=" " ind2=" ">
<subfield code="a"> O acidente vascular cerebral (AVC) causa um impacto negativo nos indivíduos afetados e ocasiona alto número de mortes e internações no mundo. O AVC causa incapacidades funcionais, e a reabilitação na fase aguda ajuda a reduzir instalação de complicações secundárias e favorecer a independência. A medida de independência funcional (MIF) é um instrumento amplo para mensurar a capacidade funcional nesta fase de reabilitação. Objetivo: Avaliar o perfil sociodemográfico, clínico e funcional de indivíduos com AVC internados em um centro de reabilitação em Goiânia-GO. Método: O estudo foi transversal, analisou o prontuário de pacientes internados de julho de 2016 a julho de 2018, foi coletado o perfil sociodemográfico e a MIF no primeiro dia de internação. Resultados: Foram analisadas 138 fichas, houve predominância do sexo masculino, mediana de idade de 61 anos, 70,3% tiveram AVC isquêmico, 89,9% apresentaram hemiplegia, 46,4% o lado esquerdo foi mais acometido, 84,1% utilizavam cadeiras de rodas. 51,4% eram casados, 36,2% tinham baixa escolaridade e 60,1% eram hipertensos e 55 de mediana da MIF destacando  maior independência funcional nos cuidados pessoais, controle, esfincteriano e conhecimento social. Conclusão: O perfil dos pacientes com AVC internados foi caracterizado por indivíduos do sexo masculino, baixa escolaridade e renda, idade avançada, altos índices de incapacidade funcional, alterações na marcha, espasticidade, hemiplegia e disfagia. Conhecer o perfil dos indivíduos com AVC ajudará a compreender suas causas e guiar políticas de prevenção, permitindo melhor qualidade de vida, rápida recuperação e reinserção às atividades de vida diária e à vida profissional. </subfield>
</datafield>
<datafield tag="260" ind1=" " ind2=" ">
<subfield code="b">Faculdade de Medicina, Universidade de São Paulo</subfield>
</datafield>
<dataField tag="260" ind1=" " ind2=" ">
<subfield code="c">2019-09-30 00:00:00</subfield>
</dataField>   <datafield tag="856" ind1=" " ind2=" ">
<subfield code="q">application/pdf</subfield>
</datafield>
<datafield tag="856" ind1=" " ind2=" ">
<subfield code="q">application/pdf</subfield>
</datafield>
<datafield tag="856" ind1="4" ind2="0">
<subfield code="u">https://www.revistas.usp.br/actafisiatrica/article/view/168160</subfield>
</datafield>  <datafield tag="786" ind1="0" ind2=" ">
<subfield code="n">Acta Fisiátrica; v. 26 n. 3 (2019)</subfield>
</datafield>  <datafield tag="546" ind1=" " ind2=" ">
<subfield code="a">por</subfield>
</datafield>   <datafield tag="540" ind1=" " ind2=" ">
<subfield code="a">Copyright (c) 2019 Acta Fisiátrica</subfield>
</datafield>
</record>
</metadata>
</record>