
<record>
<header>
<identifier>oai:revistas.usp.br:article/168198</identifier>
<datestamp>2020-11-06T10:09:11Z</datestamp>
<setSpec>actafisiatrica:Art.+Orig.</setSpec>
<setSpec>driver</setSpec>
</header>
<metadata>
<record xmlns="http://www.loc.gov/MARC21/slim" xmlns:xsi="http://www.w3.org/2001/XMLSchema-instance" xsi:schemaLocation="http://www.loc.gov/MARC21/slim http://www.loc.gov/standards/marcxml/schema/MARC21slim.xsd">
<leader>     nmb a2200000Iu 4500</leader>
<controlfield tag="008">"191231 2019                        eng  "</controlfield>
<datafield tag="022" ind1="#" ind2="#">
<subfield code="$a">2317-0190</subfield>
</datafield>
<datafield tag="022" ind1="#" ind2="#">
<subfield code="$a">0104-7795</subfield>
</datafield>
<datafield tag="042" ind1=" " ind2=" ">
<subfield code="a">dc</subfield>
</datafield>
<datafield tag="245" ind1="0" ind2="0">
<subfield code="a">Sinergismo entre o vasto lateral e vasto medial oblíquo durante a marcha após a reconstrução do ligamento cruzado anterior</subfield>
</datafield>  <datafield tag="720" ind1="1" ind2=" ">
<subfield code="a">Leporace, Gustavo</subfield>
<subfield code="u">Instituto Brasil de Tecnologias da Saúde – IBTS</subfield><subfield code="0">https://orcid.org/0000-0002-7265-4658</subfield></datafield>
<datafield tag="720" ind1="1" ind2=" ">
<subfield code="a">Zeitoune, Gabriel Gollner</subfield>
<subfield code="u">Instituto Brasil de Tecnologias da Saúde – IBTS</subfield><subfield code="0">https://orcid.org/0000-0002-0019-8112</subfield></datafield>
<datafield tag="720" ind1="1" ind2=" ">
<subfield code="a">Vivacqua, Thiago</subfield>
<subfield code="u">Instituto Brasil de Tecnologias da Saúde – IBTS</subfield><subfield code="0">https://orcid.org/0000-0003-2412-6823</subfield></datafield>
<datafield tag="720" ind1="1" ind2=" ">
<subfield code="a">Metsavaht, Leonardo</subfield>
<subfield code="u">Instituto Brasil de Tecnologias da Saúde – IBTS</subfield><subfield code="0">https://orcid.org/0000-0001-9263-1309</subfield></datafield>
<datafield tag="720" ind1="1" ind2=" ">
<subfield code="a">Oliveira, Liszt Palmeira de</subfield>
<subfield code="u">Laboratório de Artroscopia, Universidade do Estado do Rio de Janeiro – UERJ</subfield><subfield code="0">https://orcid.org/0000-0002-9051-937X</subfield></datafield>
<datafield tag="720" ind1="1" ind2=" ">
<subfield code="a">Batista, Luiz Alberto</subfield>
<subfield code="u">Laboratório de Biomecânica e Comportamento Motor (LaBiCoM), Universidade do Estado do Rio de Janeiro – UERJ</subfield><subfield code="0">https://orcid.org/0000-0002-4609-4095</subfield></datafield>
<datafield tag="520" ind1=" " ind2=" ">
<subfield code="a"> Objective: The aim of this study was to compare vastus lateralis and vastus medialis oblique (VL/VMO) muscle co-contraction (MCC) and activation ratio during gait between healthy subjects- control group (CG), and those with anterior cruciate ligament reconstruction (ACLR). Methods: Twenty-three subjects participated in this study, 14 CG and 9 ACLR. The myoelectric activities of the VL and VMO were captured to calculate the MCC. The VL/VMO ratio was obtained by dividing the normalized signals of these two muscles at each point of the curve. The MCC values and the activation ratio in the initial double limb stance, single limb stance, terminal double limb stance and swing were obtained by calculating the arithmetic mean of the intensity values ​​of the common curve in each interval. Results: MCC was significantly lower in the ACLR group during the initial double limb stance phase (p=0.001), with a high effect size (1.72). No significant differences were found for the other comparisons. Conclusions: The results of this study showed that the VL and VMO muscles co-contraction in the initial double limb stance phase of gait was different between the healthy and ACLR individuals. This finding may be related to lower patellofemoral stability during the loading response, increasing the potential risk for the development of injuries in this joint. </subfield>
</datafield>
<datafield tag="260" ind1=" " ind2=" ">
<subfield code="b">Faculdade de Medicina, Universidade de São Paulo</subfield>
</datafield>
<dataField tag="260" ind1=" " ind2=" ">
<subfield code="c">2019-12-31 00:00:00</subfield>
</dataField>   <datafield tag="856" ind1=" " ind2=" ">
<subfield code="q">application/pdf</subfield>
</datafield>
<datafield tag="856" ind1="4" ind2="0">
<subfield code="u">https://www.revistas.usp.br/actafisiatrica/article/view/168198</subfield>
</datafield>  <datafield tag="786" ind1="0" ind2=" ">
<subfield code="n">Acta Fisiátrica; v. 26 n. 4 (2019)</subfield>
</datafield>  <datafield tag="546" ind1=" " ind2=" ">
<subfield code="a">eng</subfield>
</datafield>   <datafield tag="540" ind1=" " ind2=" ">
<subfield code="a">Copyright (c) 2019 Acta Fisiátrica</subfield>
</datafield>
</record>
</metadata>
</record>