
<record>
<header>
<identifier>oai:revistas.usp.br:article/168380</identifier>
<datestamp>2020-11-06T10:09:11Z</datestamp>
<setSpec>actafisiatrica:Art.+Orig.</setSpec>
<setSpec>driver</setSpec>
</header>
<metadata>
<record xmlns="http://www.loc.gov/MARC21/slim" xmlns:xsi="http://www.w3.org/2001/XMLSchema-instance" xsi:schemaLocation="http://www.loc.gov/MARC21/slim http://www.loc.gov/standards/marcxml/schema/MARC21slim.xsd">
<leader>     nmb a2200000Iu 4500</leader>
<controlfield tag="008">"191231 2019                        eng  "</controlfield>
<datafield tag="022" ind1="#" ind2="#">
<subfield code="$a">2317-0190</subfield>
</datafield>
<datafield tag="022" ind1="#" ind2="#">
<subfield code="$a">0104-7795</subfield>
</datafield>
<datafield tag="042" ind1=" " ind2=" ">
<subfield code="a">dc</subfield>
</datafield>
<datafield tag="245" ind1="0" ind2="0">
<subfield code="a">Efeito em curto prazo de dois protocolos de hidrocinesioterapia em crianças com síndrome congênita associada à infecção do vírus Zika</subfield>
</datafield>  <datafield tag="720" ind1="1" ind2=" ">
<subfield code="a">Monteiro, Milena Guimarães</subfield>
<subfield code="u">Universidade Federal de Pernambuco - UFPE</subfield><subfield code="0">https://orcid.org/0000-0002-0169-3609</subfield></datafield>
<datafield tag="720" ind1="1" ind2=" ">
<subfield code="a">Tavares Netto, Afonso Rodrigues</subfield>
<subfield code="u">Universidade Federal de Pernambuco – UFPE</subfield><subfield code="0">https://orcid.org/0000-0002-4469-1216</subfield></datafield>
<datafield tag="720" ind1="1" ind2=" ">
<subfield code="a">Brito, Patrícia Meireles</subfield>
<subfield code="u">Universidade Federal de Pernambuco – UFPE</subfield><subfield code="0">https://orcid.org/0000-0002-1501-6916</subfield></datafield>
<datafield tag="720" ind1="1" ind2=" ">
<subfield code="a">Santos, Amanda Jayse da Silva</subfield>
<subfield code="u">Universidade Federal de Pernambuco – UFPE</subfield><subfield code="0">https://orcid.org/0000-0002-3337-2594</subfield></datafield>
<datafield tag="720" ind1="1" ind2=" ">
<subfield code="a">Mattos, Rebeca Maranhão de</subfield>
<subfield code="u">Universidade Federal de Pernambuco – UFPE</subfield><subfield code="0">https://orcid.org/0000-0002-1266-6294</subfield></datafield>
<datafield tag="720" ind1="1" ind2=" ">
<subfield code="a">Wesiolek, Carine Carolina</subfield>
<subfield code="u">Universidade Federal de Pernambuco – UFPE</subfield><subfield code="0">https://orcid.org/0000-0001-9705-6315</subfield></datafield>
<datafield tag="720" ind1="1" ind2=" ">
<subfield code="a">Lambertz, Karla Mônica Ferraz</subfield>
<subfield code="u">Universidade Federal de Pernambuco – UFPE</subfield><subfield code="0">https://orcid.org/0000-0002-2617-2164</subfield></datafield>
<datafield tag="520" ind1=" " ind2=" ">
<subfield code="a"> Objetivo: Avaliar o efeito em curto prazo de dois protocolos de hidrocinesioterapia sobre o tônus muscular e o nível de estresse de crianças com SCZ. Métodos: Estudo cruzado, randomizado e cego, com crianças com microcefalia/SCZ entre 3-36 meses de idade. O tônus foi avaliado pela Escala Modificada de Tardieu(EMT), analisando-se o grau de tônus muscular e a amplitude de movimento articular(ADM); o nível de estresse, através de Escala visual analógica de faces variando desde um estado sem estresse (1) até estresse intenso (4). Dois protocolos de hidrocinesioterapia(Protocolo PI e PII) foram aplicados em ambiente aquático restrito, por 15 minutos com temperatura da água a 37ºC. Resultados: Doze crianças participaram do estudo(média de idade em meses: 23,9+3,97), 58,7% do sexo feminino. Após PI, observamos redução do grau de tônus dos músculos extensores de cotovelo(p=0,03) e joelho(p=0,04); em PII, não houve mudanças significativas no grau de tônus. Não houve mudanças significativas no nível de estresse em PI e PII, porém 83,3% se encontravam sem estresse ou estresse leve antes das intervenções. Conclusões: O protocolo I acarretou redução do grau de tônus muscular em curto prazo quando comparado com PII. Enfatiza-se que os protocolos aplicados são de baixo custo, e podem ser uma opção de técnica não farmacológica viável no acompanhamento terapêutico destas crianças. Ressalta-se que a experiência do fisioterapeuta deve guiar a escolha do protocolo adequado para o objetivo terapêutico de cada criança e a vantagem de ser uma técnica facilmente replicável em ambiente terapêutico e domiciliar. </subfield>
</datafield>
<datafield tag="260" ind1=" " ind2=" ">
<subfield code="b">Faculdade de Medicina, Universidade de São Paulo</subfield>
</datafield>
<dataField tag="260" ind1=" " ind2=" ">
<subfield code="c">2019-12-31 00:00:00</subfield>
</dataField>   <datafield tag="856" ind1=" " ind2=" ">
<subfield code="q">application/pdf</subfield>
</datafield>
<datafield tag="856" ind1="4" ind2="0">
<subfield code="u">https://www.revistas.usp.br/actafisiatrica/article/view/168380</subfield>
</datafield>  <datafield tag="786" ind1="0" ind2=" ">
<subfield code="n">Acta Fisiátrica; v. 26 n. 4 (2019)</subfield>
</datafield>  <datafield tag="546" ind1=" " ind2=" ">
<subfield code="a">por</subfield>
</datafield>   <datafield tag="540" ind1=" " ind2=" ">
<subfield code="a">Copyright (c) 2019 Acta Fisiátrica</subfield>
</datafield>
</record>
</metadata>
</record>