
<record>
<header>
<identifier>oai:revistas.usp.br:article/168512</identifier>
<datestamp>2021-02-02T14:48:29Z</datestamp>
<setSpec>actafisiatrica:Art.+Orig.</setSpec>
<setSpec>driver</setSpec>
</header>
<metadata>
<record xmlns="http://www.loc.gov/MARC21/slim" xmlns:xsi="http://www.w3.org/2001/XMLSchema-instance" xsi:schemaLocation="http://www.loc.gov/MARC21/slim http://www.loc.gov/standards/marcxml/schema/MARC21slim.xsd">
<leader>     nmb a2200000Iu 4500</leader>
<controlfield tag="008">"200630 2020                        eng  "</controlfield>
<datafield tag="022" ind1="#" ind2="#">
<subfield code="$a">2317-0190</subfield>
</datafield>
<datafield tag="022" ind1="#" ind2="#">
<subfield code="$a">0104-7795</subfield>
</datafield>
<datafield tag="042" ind1=" " ind2=" ">
<subfield code="a">dc</subfield>
</datafield>
<datafield tag="245" ind1="0" ind2="0">
<subfield code="a">Limiar pressórico de dor no assoalho pélvico de mulheres idosas com e sem fibromialgia: um estudo transversal</subfield>
</datafield>  <datafield tag="720" ind1="1" ind2=" ">
<subfield code="a">Schlemmer, Gessica Bordin Viera</subfield>
<subfield code="u">Universidade Federal de Santa Maria - UFSM</subfield><subfield code="0">https://orcid.org/0000-0002-5430-2755</subfield></datafield>
<datafield tag="720" ind1="1" ind2=" ">
<subfield code="a">Arruda, Guilherme Tavares de</subfield>
<subfield code="u">Universidade Federal de Santa Catarina – UFSC</subfield><subfield code="0">https://orcid.org/0000-0001-5994-3247</subfield></datafield>
<datafield tag="720" ind1="1" ind2=" ">
<subfield code="a">Pereira, Marisa Bastos</subfield>
<subfield code="u">Universidade Federal de Santa Maria – UFSM</subfield><subfield code="0">https://orcid.org/0000-0002-7033-1126</subfield></datafield>
<datafield tag="720" ind1="1" ind2=" ">
<subfield code="a">Braz, Melissa Medeiros</subfield>
<subfield code="u">Universidade Federal de Santa Maria – UFSM</subfield><subfield code="0">https://orcid.org/0000-0002-9138-0656</subfield></datafield>
<datafield tag="520" ind1=" " ind2=" ">
<subfield code="a"> Objetivo: Este estudo teve como objetivo comparar o limiar de pressão dolorosa no assoalho pélvico de mulheres idosas com e sem fibromialgia. Métodos: Foi realizado um estudo duplo-cego com 28 idosas de 60 a 75 anos, divididas em dois grupos, com diagnóstico médico de fibromialgia (GF) e sem fibromialgia (GWF). A avaliação foi realizada em uma única reunião, de forma individual, na qual os dados do histórico ginecológico, obstétrico-clínico e médico e informações sobre o assoalho pélvico foram obtidos por voluntários previamente treinados. A avaliação do limiar de dor à pressão foi realizada com o uso de algômetro por um dos pesquisadores. Foram utilizados os testes t de Student bicaudal, teste U de Mann-Whitney e qui-quadrado. Todos os testes foram realizados com nível de significância de 5%. Resultados: O limiar de pressão da dor mostrou que o GF apresentou menores valores de percepção da dor em relação à GWF (p &lt;0,001 para o lado esquerdo) e (p &lt;0,001 para o lado direito). Conclusão: O GF apresentou limiar de dor à pressão mais baixa, o que pode estar relacionado à patologia, que causa dor generalizada e sensibilização central. </subfield>
</datafield>
<datafield tag="260" ind1=" " ind2=" ">
<subfield code="b">Faculdade de Medicina, Universidade de São Paulo</subfield>
</datafield>
<dataField tag="260" ind1=" " ind2=" ">
<subfield code="c">2020-06-30 00:00:00</subfield>
</dataField>   <datafield tag="856" ind1=" " ind2=" ">
<subfield code="q">application/pdf</subfield>
</datafield>
<datafield tag="856" ind1="4" ind2="0">
<subfield code="u">https://www.revistas.usp.br/actafisiatrica/article/view/168512</subfield>
</datafield>  <datafield tag="786" ind1="0" ind2=" ">
<subfield code="n">Acta Fisiátrica; v. 27 n. 2 (2020)</subfield>
</datafield>  <datafield tag="546" ind1=" " ind2=" ">
<subfield code="a">por</subfield>
</datafield>   <datafield tag="540" ind1=" " ind2=" ">
<subfield code="a">Copyright (c) 2020 Acta Fisiátrica</subfield>
</datafield>
</record>
</metadata>
</record>