
<record>
<header>
<identifier>oai:revistas.usp.br:article/168523</identifier>
<datestamp>2022-06-28T17:50:22Z</datestamp>
<setSpec>actafisiatrica:Art.+Orig.</setSpec>
<setSpec>driver</setSpec>
</header>
<metadata>
<record xmlns="http://www.loc.gov/MARC21/slim" xmlns:xsi="http://www.w3.org/2001/XMLSchema-instance" xsi:schemaLocation="http://www.loc.gov/MARC21/slim http://www.loc.gov/standards/marcxml/schema/MARC21slim.xsd">
<leader>     nmb a2200000Iu 4500</leader>
<controlfield tag="008">"220331 2022                        eng  "</controlfield>
<datafield tag="022" ind1="#" ind2="#">
<subfield code="$a">2317-0190</subfield>
</datafield>
<datafield tag="022" ind1="#" ind2="#">
<subfield code="$a">0104-7795</subfield>
</datafield>
<datafield tag="042" ind1=" " ind2=" ">
<subfield code="a">dc</subfield>
</datafield>
<datafield tag="245" ind1="0" ind2="0">
<subfield code="a">Confiabilidade interavaliadores e teste-reteste da Escala de Participação (P-Scale) em pacientes após acidente vascular cerebral</subfield>
</datafield>  <datafield tag="720" ind1="1" ind2=" ">
<subfield code="a">Dutra, Fabiana Caetano Martins Silva e</subfield>
<subfield code="u">Universidade Federal do Triângulo Mineiro</subfield><subfield code="0">https://orcid.org/0000-0003-3295-1583</subfield></datafield>
<datafield tag="720" ind1="1" ind2=" ">
<subfield code="a">Alves, Alessandra Carvalho</subfield>
<subfield code="u">Núcleo de Estudos e Pesquisas em Trabalho, Participação Social e Saúde – NETRAS</subfield><subfield code="0">http://orcid.org/0000-0003-4074-5421</subfield></datafield>
<datafield tag="720" ind1="1" ind2=" ">
<subfield code="a">Aramaki, Alberto Luiz</subfield>
<subfield code="u">Núcleo de Estudos e Pesquisas em Trabalho, Participação Social e Saúde – NETRAS</subfield><subfield code="0">https://orcid.org/0000-0002-1740-6686</subfield></datafield>
<datafield tag="720" ind1="1" ind2=" ">
<subfield code="a">Amaral, Maíra Ferreira do</subfield>
<subfield code="u">Universidade Federal do Triângulo Mineiro</subfield><subfield code="0">https://orcid.org/0000-0002-9730-0266</subfield></datafield>
<datafield tag="720" ind1="1" ind2=" ">
<subfield code="a">Cavalcanti, Alessandra</subfield>
<subfield code="u">Universidade Federal do Triângulo Mineiro</subfield><subfield code="0">https://orcid.org/0000-0002-2306-2031</subfield></datafield>
<datafield tag="520" ind1=" " ind2=" ">
<subfield code="a"> A versão brasileira da Escala de Participação (P-Scale) é um instrumento de avaliação que mensura restrições em participação em indivíduos com diversas condições de saúde. Objetivos: Avaliar a confiabilidade interexaminador e teste-reteste da versão brasileira da P-Scale em um grupo de pacientes pós-acidente vascular cerebral (AVC). Método: Estudo metodológico, avaliou 20 pacientes com diagnóstico de AVC atendidos em um Centro de Reabilitação. A confiabilidade do escore total foi avaliado por meio do Coeficiente de Correlação Intraclasse (ICC). A confiabilidade interavaliador e testereteste de cada item foi medida pelo Coeficiente Kappa com ponderação quadrática. Para avaliação da concordância entre os escores obtidos item por item interavaliador e teste-reteste, foi utilizado o gráfico Bland-Altman. Resultados: A versão brasileira da PScale apresentou confiabilidade quase perfeita da maioria dos itens (kw&gt;0,81), sem erros sistemáticos de mensuração avaliados pelo gráfico de concordância de Bland-Altman (p= 0,350) e excelente confiabilidade teste-reteste do escore total (ICC= 0,96; p= 0,000). Em relação à confiabilidade interexaminador, os itens apresentaram confiabilidade variando de quase perfeita (kw&gt;0,81) a regular (0,21&lt;kw&gt;0,40) e o gráfico de concordância de Bland-Altman indicou diferenças sistemáticas de mensuração (p= 0,018) apenas para dois casos atípicos. ICC da confiabilidade interexaminador do escore total foi excelente tanto na análise da amostra total (ICC= 0,95 para 20 indivíduos; p= 0,000), quanto na amostra sem os casos atípicos (ICC= 0,97 para 18 casos; p= 0,000). Conclusão: A versão brasileira da P-Scale apresentou excelente confiabilidade teste-reteste e interexaminador para avaliar participação em pacientes após AVC. </subfield>
</datafield>
<datafield tag="260" ind1=" " ind2=" ">
<subfield code="b">Faculdade de Medicina, Universidade de São Paulo</subfield>
</datafield>
<dataField tag="260" ind1=" " ind2=" ">
<subfield code="c">2022-03-31 00:00:00</subfield>
</dataField>   <datafield tag="856" ind1=" " ind2=" ">
<subfield code="q">application/pdf</subfield>
</datafield>
<datafield tag="856" ind1=" " ind2=" ">
<subfield code="q">application/pdf</subfield>
</datafield>
<datafield tag="856" ind1="4" ind2="0">
<subfield code="u">https://www.revistas.usp.br/actafisiatrica/article/view/168523</subfield>
</datafield>  <datafield tag="786" ind1="0" ind2=" ">
<subfield code="n">Acta Fisiátrica; v. 29 n. 1 (2022)</subfield>
</datafield>  <datafield tag="546" ind1=" " ind2=" ">
<subfield code="a">por</subfield>
</datafield>   <datafield tag="540" ind1=" " ind2=" ">
<subfield code="a">Copyright (c) 2022 Acta Fisiátrica</subfield>
</datafield>
</record>
</metadata>
</record>