
<record>
<header>
<identifier>oai:revistas.usp.br:article/168538</identifier>
<datestamp>2021-04-26T13:11:28Z</datestamp>
<setSpec>actafisiatrica:Art.+Orig.</setSpec>
<setSpec>driver</setSpec>
</header>
<metadata>
<record xmlns="http://www.loc.gov/MARC21/slim" xmlns:xsi="http://www.w3.org/2001/XMLSchema-instance" xsi:schemaLocation="http://www.loc.gov/MARC21/slim http://www.loc.gov/standards/marcxml/schema/MARC21slim.xsd">
<leader>     nmb a2200000Iu 4500</leader>
<controlfield tag="008">"201231 2020                        eng  "</controlfield>
<datafield tag="022" ind1="#" ind2="#">
<subfield code="$a">2317-0190</subfield>
</datafield>
<datafield tag="022" ind1="#" ind2="#">
<subfield code="$a">0104-7795</subfield>
</datafield>
<datafield tag="042" ind1=" " ind2=" ">
<subfield code="a">dc</subfield>
</datafield>
<datafield tag="245" ind1="0" ind2="0">
<subfield code="a">Perﬁl da força muscular isométrica em atletas de rugby em cadeira de rodas</subfield>
</datafield>  <datafield tag="720" ind1="1" ind2=" ">
<subfield code="a">Souza, João Paulo Casteleti de</subfield>
<subfield code="u">Universidade Estadual de Campinas - UNICAMP</subfield><subfield code="0">https://orcid.org/0000-0002-3695-6456</subfield></datafield>
<datafield tag="720" ind1="1" ind2=" ">
<subfield code="a">Souza, Nayara Christine</subfield>
<subfield code="u">Universidade Estadual de Campinas - UNICAMP</subfield><subfield code="0">https://orcid.org/0000-0002-1032-6034</subfield></datafield>
<datafield tag="720" ind1="1" ind2=" ">
<subfield code="a">Buratti, Jéssica Reis</subfield>
<subfield code="u">Universidade Estadual de Campinas - UNICAMP</subfield><subfield code="0">https://orcid.org/0000-0001-9953-7817</subfield></datafield>
<datafield tag="720" ind1="1" ind2=" ">
<subfield code="a">Sampaio, Ricardo Aurélio Carvalho</subfield>
<subfield code="u">Universidade Estadual de Campinas - UNICAMP</subfield><subfield code="0">https://orcid.org/0000-0002-0005-1145</subfield></datafield>
<datafield tag="720" ind1="1" ind2=" ">
<subfield code="a">Tanhoffer, Ricardo Antônio</subfield>
<subfield code="u">Universidade Federal do Paraná - UFPR</subfield><subfield code="0">https://orcid.org/0000-0002-9878-707X</subfield></datafield>
<datafield tag="720" ind1="1" ind2=" ">
<subfield code="a">Uchida, Marco Carlos</subfield>
<subfield code="u">Universidade Estadual de Campinas - UNICAMP</subfield><subfield code="0">https://orcid.org/0000-0002-4128-4965</subfield></datafield>
<datafield tag="720" ind1="1" ind2=" ">
<subfield code="a">Gorla, José Irineu</subfield>
<subfield code="u">Universidade Estadual de Campinas - UNICAMP</subfield><subfield code="0">https://orcid.org/0000-0003-2099-9643</subfield></datafield>
<datafield tag="520" ind1=" " ind2=" ">
<subfield code="a"> Objetivo: Analisar os níveis de força muscular em atletas de rugby em cadeira de rodas (RCR). Método: A amostra foi composta por 10 atletas (homens) com lesão da medula espinhal em nível cervical (tetraplegia) com média de idade de 31,1±5,06 anos. Os atletas foram recrutados na equipe de RCR do Projeto de Atividade Motora e Esporte Adaptado da Universidade Estadual de Campinas (ADEACAMP/UNICAMP). Resultados: Para analisar os níveis de força muscular isométrica (flexão e extensão dos ombros e cotovelos) foi utilizado dinamômetro isométrico, enquanto ultrassom foi usado para avaliação da espessura muscular (flexores e extensores do cotovelo, ambos os lados), utilizando 7,3 MHz da sonda linear-matriz. Correlação ponto-bisserial foi utilizada para verificar a associação entre os níveis de força de acordo com a posição de jogo; enquanto a correlação de Spearman verificou a associação entre os níveis de força entre membros dominantes e não dominantes, além da relação músculo agonista versus antagonista. Ainda, o teste Mann Whitney U foi utilizado para comparar os jogadores titulares e reservas quanto à força e espessura muscular. Conclusão: Podemos concluir que quanto maior a classificação funcional, maiores são os valores de força voluntária isométrica máxima; e que a força isométrica tem correlação com o desempenho de atletas de RCR. </subfield>
</datafield>
<datafield tag="260" ind1=" " ind2=" ">
<subfield code="b">Faculdade de Medicina, Universidade de São Paulo</subfield>
</datafield>
<dataField tag="260" ind1=" " ind2=" ">
<subfield code="c">2020-12-31 00:00:00</subfield>
</dataField>   <datafield tag="856" ind1=" " ind2=" ">
<subfield code="q">application/pdf</subfield>
</datafield>
<datafield tag="856" ind1="4" ind2="0">
<subfield code="u">https://www.revistas.usp.br/actafisiatrica/article/view/168538</subfield>
</datafield>  <datafield tag="786" ind1="0" ind2=" ">
<subfield code="n">Acta Fisiátrica; v. 27 n. 4 (2020)</subfield>
</datafield>  <datafield tag="546" ind1=" " ind2=" ">
<subfield code="a">por</subfield>
</datafield>   <datafield tag="540" ind1=" " ind2=" ">
<subfield code="a">Copyright (c) 2020 Acta Fisiátrica</subfield>
</datafield>
</record>
</metadata>
</record>