
<record>
<header>
<identifier>oai:revistas.usp.br:article/168675</identifier>
<datestamp>2020-11-06T10:09:11Z</datestamp>
<setSpec>actafisiatrica:Art.+Orig.</setSpec>
<setSpec>driver</setSpec>
</header>
<metadata>
<record xmlns="http://www.loc.gov/MARC21/slim" xmlns:xsi="http://www.w3.org/2001/XMLSchema-instance" xsi:schemaLocation="http://www.loc.gov/MARC21/slim http://www.loc.gov/standards/marcxml/schema/MARC21slim.xsd">
<leader>     nmb a2200000Iu 4500</leader>
<controlfield tag="008">"191231 2019                        eng  "</controlfield>
<datafield tag="022" ind1="#" ind2="#">
<subfield code="$a">2317-0190</subfield>
</datafield>
<datafield tag="022" ind1="#" ind2="#">
<subfield code="$a">0104-7795</subfield>
</datafield>
<datafield tag="042" ind1=" " ind2=" ">
<subfield code="a">dc</subfield>
</datafield>
<datafield tag="245" ind1="0" ind2="0">
<subfield code="a">Sintomas osteomioarticulares em bombeiros militares do Distrito Federal</subfield>
</datafield>  <datafield tag="720" ind1="1" ind2=" ">
<subfield code="a">Oliveira, Eva Pereira de</subfield>
<subfield code="u">Universidade de Brasília – UnB</subfield><subfield code="0">https://orcid.org/0000-0003-0765-4982</subfield></datafield>
<datafield tag="720" ind1="1" ind2=" ">
<subfield code="a">Lima, Alexandra Lopes de</subfield>
<subfield code="u">Universidade de Brasília – UnB</subfield><subfield code="0">https://orcid.org/0000-0001-9070-4420</subfield></datafield>
<datafield tag="720" ind1="1" ind2=" ">
<subfield code="a">Leal, Josevan Cerqueira</subfield>
<subfield code="u">Universidade de Brasília – UnB</subfield><subfield code="0">https://orcid.org/0000-0002-8208-7757</subfield></datafield>
<datafield tag="720" ind1="1" ind2=" ">
<subfield code="a">Matheus, João Paulo Chieregato</subfield>
<subfield code="u">Universidade de Brasília – UnB</subfield><subfield code="0">https://orcid.org/0000-0001-7867-429X</subfield></datafield>
<datafield tag="720" ind1="1" ind2=" ">
<subfield code="a">Garcia, Patrícia Azevedo</subfield>
<subfield code="u">Universidade de Brasília – UnB</subfield><subfield code="0">https://orcid.org/0000-0002-9043-1386</subfield></datafield>
<datafield tag="720" ind1="1" ind2=" ">
<subfield code="a">Martins, Wagner Rodrigues</subfield>
<subfield code="u">Universidade de Brasília – UnB</subfield><subfield code="0">https://orcid.org/0000-0002-0709-7373</subfield></datafield>
<datafield tag="720" ind1="1" ind2=" ">
<subfield code="a">Macedo, Osmair Gomes de</subfield>
<subfield code="u">Universidade de Brasília – UnB</subfield><subfield code="0">https://orcid.org/0000-0002-1842-3410</subfield></datafield>
<datafield tag="520" ind1=" " ind2=" ">
<subfield code="a"> Objetivo: Verificar a prevalência de sintomas osteomioarticulares em bombeiros militares do Distrito Federal. Metódo: Trata-se de um estudo transversal, realizado com bombeiros militares de idades entre 18 e 55 anos. Foi utilizado o Questionário Nórdico de Sintomas Osteomusculares e os participantes relataram a ocorrência dos sintomas nos 12 meses e nos sete dias precedentes à entrevista, bem como os afastamentos das atividades no último ano. Os dados foram tabulados no programa Microsoft Excel 2016 e foi feita a estatística descritiva. Resultados: Dos 178 bombeiros participantes, 89% eram do sexo masculino, com idade média de 39 anos e média do índice de massa corporal de 25,93. As regiões de maior prevalência foram a região lombar (20,90%), seguida dos joelhos (14,24%) e da região dorsal (12,26%) nos últimos 12 meses e a região lombar (20,35%), seguida dos joelhos (16,48%) e dos ombros (11,97%) nos últimos sete dias. Conclusão: Verificou-se maior prevalência de sintomas osteomioarticulares na região lombar, joelhos e região dorsal para alterações crônicas, e maior prevalência de sintomas na região lombar, joelhos e ombros para alterações agudas. Os bombeiros apontaram como causas a realização de força, fadiga e/ou cansaço, posturas mantidas por um longo período de tempo, movimentos bruscos e movimentos repetitivos. </subfield>
</datafield>
<datafield tag="260" ind1=" " ind2=" ">
<subfield code="b">Faculdade de Medicina, Universidade de São Paulo</subfield>
</datafield>
<dataField tag="260" ind1=" " ind2=" ">
<subfield code="c">2019-12-31 00:00:00</subfield>
</dataField>   <datafield tag="856" ind1=" " ind2=" ">
<subfield code="q">application/pdf</subfield>
</datafield>
<datafield tag="856" ind1="4" ind2="0">
<subfield code="u">https://www.revistas.usp.br/actafisiatrica/article/view/168675</subfield>
</datafield>  <datafield tag="786" ind1="0" ind2=" ">
<subfield code="n">Acta Fisiátrica; v. 26 n. 4 (2019)</subfield>
</datafield>  <datafield tag="546" ind1=" " ind2=" ">
<subfield code="a">por</subfield>
</datafield>   <datafield tag="540" ind1=" " ind2=" ">
<subfield code="a">Copyright (c) 2019 Acta Fisiátrica</subfield>
</datafield>
</record>
</metadata>
</record>