
<record>
<header>
<identifier>oai:revistas.usp.br:article/168691</identifier>
<datestamp>2023-04-17T17:41:07Z</datestamp>
<setSpec>actafisiatrica:Art.+Orig.</setSpec>
<setSpec>driver</setSpec>
</header>
<metadata>
<record xmlns="http://www.loc.gov/MARC21/slim" xmlns:xsi="http://www.w3.org/2001/XMLSchema-instance" xsi:schemaLocation="http://www.loc.gov/MARC21/slim http://www.loc.gov/standards/marcxml/schema/MARC21slim.xsd">
<leader>     nmb a2200000Iu 4500</leader>
<controlfield tag="008">"221228 2022                        eng  "</controlfield>
<datafield tag="022" ind1="#" ind2="#">
<subfield code="$a">2317-0190</subfield>
</datafield>
<datafield tag="022" ind1="#" ind2="#">
<subfield code="$a">0104-7795</subfield>
</datafield>
<datafield tag="042" ind1=" " ind2=" ">
<subfield code="a">dc</subfield>
</datafield>
<datafield tag="245" ind1="0" ind2="0">
<subfield code="a">Existe correlação entre atividade elétrica muscular e cerebral após treino com terapia de contensão do membro superior e tronco em sujeitos com acidente vascular encefálico?</subfield>
</datafield>  <datafield tag="720" ind1="1" ind2=" ">
<subfield code="a">Oliveira, Viviane Aparecida de</subfield>
<subfield code="u">Universidade Federal Alfenas</subfield></datafield>
<datafield tag="720" ind1="1" ind2=" ">
<subfield code="a">Dias, Miqueline Pivoto Farias</subfield>
<subfield code="u">Universidade Federal Alfenas</subfield></datafield>
<datafield tag="720" ind1="1" ind2=" ">
<subfield code="a">Mendes, Aline de Paula</subfield>
<subfield code="u">Universidade do Vale do Sapucai</subfield></datafield>
<datafield tag="720" ind1="1" ind2=" ">
<subfield code="a">Santos, Adriana Teresa Silva</subfield>
<subfield code="u">Universidade Federal Alfenas</subfield><subfield code="0">https://orcid.org/0000-0002-9959-3269</subfield></datafield>
<datafield tag="720" ind1="1" ind2=" ">
<subfield code="a">Reis, Luciana Maria dos</subfield>
<subfield code="u">Universidade Federal Alfenas</subfield><subfield code="0">https://orcid.org/0000-0002-0672-7804</subfield></datafield>
<datafield tag="720" ind1="1" ind2=" ">
<subfield code="a">Terra, Andreia Maria Silva Vilela</subfield>
<subfield code="u">Universidade Federal Alfenas</subfield><subfield code="0">https://orcid.org/0000-0002-1255-8429</subfield></datafield>
<datafield tag="520" ind1=" " ind2=" ">
<subfield code="a"> Objetivo: Verificar se existe correlação entre excitabilidade central e periférica após o treino com a terapia de restrição induzida do movimento (TRIM) modificada associada a contensão de tronco para o membro superior parético após Acidente Vascular Encefálico (AVE). Métodos: Ensaio clínico controlado onde vinte e dois voluntários foram selecionados e randomizado em dois grupos: Grupo Controle (GC) e Grupo Experimental (GE). Eles foram avaliados por meio do eletroencefalograma (EEG) e da eletromiografia (EMG) de superfície. Os canais EEG analisados foram: Canal Ântero Frontal (AF3/AF4); Canal Frontal região medial (F7/F8); Canal Frontal região lateral (F3/F4); Canal Fronto Central (FC5/FC6); Região temporal (T7/T8); Região occipital (O1/O2). Os músculos analisados com EMG foram bíceps braquial, flexores e extensores de punho. As avaliações foram realizada durante a atividade, por dez minutos. O GE recebeu o treinamento com TRIM modificada uma hora por dia, duas semanas consecutivas. Resultados: O GC (pós-intervenção) apresentou correlação moderada negativa (r= -0,69; p= 0,02) do canal Fa com extensor de punho. O GE apresentou (pré-intervenção) correlação moderada negativa do canal AF (r= -0,68; p= 0,02) e FC (r= -0,71; p= 0,01) com flexor de punho. Na pós intervenção apresentou correlação positiva do canal Fa (r= 0,61; p= 0,04) com o extensor de punho. Conclusão: A TRIM modificada associada à contensão de tronco para o membro superior parético apresentou correlação positiva do canal Fa com o músculo extensor de punho e o grupo não treinado apresentou correlação negativa do canal Fa com extensor de punho. </subfield>
</datafield>
<datafield tag="260" ind1=" " ind2=" ">
<subfield code="b">Faculdade de Medicina, Universidade de São Paulo</subfield>
</datafield>
<dataField tag="260" ind1=" " ind2=" ">
<subfield code="c">2022-12-28 00:00:00</subfield>
</dataField>   <datafield tag="856" ind1=" " ind2=" ">
<subfield code="q">application/pdf</subfield>
</datafield>
<datafield tag="856" ind1="4" ind2="0">
<subfield code="u">https://www.revistas.usp.br/actafisiatrica/article/view/168691</subfield>
</datafield>  <datafield tag="786" ind1="0" ind2=" ">
<subfield code="n">Acta Fisiátrica; v. 29 n. 4 (2022)</subfield>
</datafield>  <datafield tag="546" ind1=" " ind2=" ">
<subfield code="a">por</subfield>
</datafield>   <datafield tag="540" ind1=" " ind2=" ">
<subfield code="a">Copyright (c) 2022 Acta Fisiátrica</subfield>
</datafield>
</record>
</metadata>
</record>