
<record>
<header>
<identifier>oai:revistas.usp.br:article/168763</identifier>
<datestamp>2020-11-24T18:59:27Z</datestamp>
<setSpec>actafisiatrica:Art.+Rev.</setSpec>
<setSpec>driver</setSpec>
</header>
<metadata>
<record xmlns="http://www.loc.gov/MARC21/slim" xmlns:xsi="http://www.w3.org/2001/XMLSchema-instance" xsi:schemaLocation="http://www.loc.gov/MARC21/slim http://www.loc.gov/standards/marcxml/schema/MARC21slim.xsd">
<leader>     nmb a2200000Iu 4500</leader>
<controlfield tag="008">"200331 2020                        eng  "</controlfield>
<datafield tag="022" ind1="#" ind2="#">
<subfield code="$a">2317-0190</subfield>
</datafield>
<datafield tag="022" ind1="#" ind2="#">
<subfield code="$a">0104-7795</subfield>
</datafield>
<datafield tag="042" ind1=" " ind2=" ">
<subfield code="a">dc</subfield>
</datafield>
<datafield tag="245" ind1="0" ind2="0">
<subfield code="a">Tecnologias em saúde aplicadas na reabilitação de mulheres com câncer de mama: revisão de escopo</subfield>
</datafield>  <datafield tag="720" ind1="1" ind2=" ">
<subfield code="a">Gonçalves, Mariele Lenhari</subfield>
<subfield code="u">Escola de Enfermagem de Ribeirão Preto da Universidade de São Paulo - EERP-USP</subfield><subfield code="0">https://orcid.org/0000-0002-2648-3376</subfield></datafield>
<datafield tag="720" ind1="1" ind2=" ">
<subfield code="a">Tomadon, Aniele</subfield>
<subfield code="u">Escola de Enfermagem de Ribeirão Preto da Universidade de São Paulo - EERP-USP</subfield><subfield code="0">http://orcid.org/0000-0002-3196-7316</subfield></datafield>
<datafield tag="720" ind1="1" ind2=" ">
<subfield code="a">Cruz, Lóris Aparecida Prado da</subfield>
<subfield code="u">Escola de Enfermagem de Ribeirão Preto da Universidade de São Paulo - EERP-USP</subfield><subfield code="0">https://orcid.org/0000-0003-2474-8921</subfield></datafield>
<datafield tag="720" ind1="1" ind2=" ">
<subfield code="a">Gozzo, Thais de Oliveira</subfield>
<subfield code="u">Escola de Enfermagem de Ribeirão Preto da Universidade de São Paulo - EERP-USP</subfield><subfield code="0">http://orcid.org/0000-0002-7687-9459</subfield></datafield>
<datafield tag="520" ind1=" " ind2=" ">
<subfield code="a"> Objetivo: Identificar as tecnologias em saúde na reabilitação física de mulheres que desenvolveram alterações no membro superior homolateral após a cirurgia para o câncer de mama. Método: Trata-se de uma Scoping literature review. Realizou-se a busca nas bases de dados LILACS, PubMed e Web of Science e o mecanismo de busca Google Scholar. Os descritores utilizados foram: Breast neoplasms, Biomedical technology e Rehabilitation. Resultados: Foram selecionados 33 estudos. Entre as tecnologias leve-duras, a mais utilizada foram os programas de exercícios físicos, tanto para a limitação da amplitude de movimentos do membro superior quanto para o linfedema, sendo estas as mais estudadas. Já as tecnologias duras mais avaliadas foram acupuntura, terapia de laser de baixo nível e plataformas de exercício on line, sendo empregadas, principalmente, para complicações como dor e linfedema. Destaque para a inter-relação entre as diferentes tecnologias, e como estas compõem a assistência prestadas às mulheres com câncer de mama durante a reabilitação física. Conclusão: A maioria dos estudos utilizaram as tecnologias leve-duras, com destaque para os programas de exercícios, e a associação de diferentes tecnologias, de intensidade variadas, empregadas com bons resultados físicos. Além de atuarem no estímulo ao autocuidado e na orientação das mulheres quanto a autogestão das complicações, promovendo a autonomia, confiança e retomada de seus papéis sociais. </subfield>
</datafield>
<datafield tag="260" ind1=" " ind2=" ">
<subfield code="b">Faculdade de Medicina, Universidade de São Paulo</subfield>
</datafield>
<dataField tag="260" ind1=" " ind2=" ">
<subfield code="c">2020-03-31 00:00:00</subfield>
</dataField>   <datafield tag="856" ind1=" " ind2=" ">
<subfield code="q">application/pdf</subfield>
</datafield>
<datafield tag="856" ind1="4" ind2="0">
<subfield code="u">https://www.revistas.usp.br/actafisiatrica/article/view/168763</subfield>
</datafield>  <datafield tag="786" ind1="0" ind2=" ">
<subfield code="n">Acta Fisiátrica; v. 27 n. 1 (2020)</subfield>
</datafield>  <datafield tag="546" ind1=" " ind2=" ">
<subfield code="a">por</subfield>
</datafield>   <datafield tag="540" ind1=" " ind2=" ">
<subfield code="a">Copyright (c) 2020 Acta Fisiátrica</subfield>
</datafield>
</record>
</metadata>
</record>