
<record>
<header>
<identifier>oai:revistas.usp.br:article/168767</identifier>
<datestamp>2020-09-03T19:45:48Z</datestamp>
<setSpec>actafisiatrica:Art.+Rev.</setSpec>
<setSpec>driver</setSpec>
</header>
<metadata>
<record xmlns="http://www.loc.gov/MARC21/slim" xmlns:xsi="http://www.w3.org/2001/XMLSchema-instance" xsi:schemaLocation="http://www.loc.gov/MARC21/slim http://www.loc.gov/standards/marcxml/schema/MARC21slim.xsd">
<leader>     nmb a2200000Iu 4500</leader>
<controlfield tag="008">"190930 2019                        eng  "</controlfield>
<datafield tag="022" ind1="#" ind2="#">
<subfield code="$a">2317-0190</subfield>
</datafield>
<datafield tag="022" ind1="#" ind2="#">
<subfield code="$a">0104-7795</subfield>
</datafield>
<datafield tag="042" ind1=" " ind2=" ">
<subfield code="a">dc</subfield>
</datafield>
<datafield tag="245" ind1="0" ind2="0">
<subfield code="a">Intervenção motora precoce em bebês prematuros: uma revisão sistemática</subfield>
</datafield>  <datafield tag="720" ind1="1" ind2=" ">
<subfield code="a">Rosa, Maria Izabel Zaniratti da</subfield>
<subfield code="u">Universidade Federal do Rio Grande do Sul - UFRGS</subfield></datafield>
<datafield tag="720" ind1="1" ind2=" ">
<subfield code="a">Oliveira, Renata Pianezzola de</subfield>
<subfield code="u">Universidade Federal do Rio Grande do Sul - UFRGS</subfield></datafield>
<datafield tag="720" ind1="1" ind2=" ">
<subfield code="a">Gerzson, Laís Rodrigues</subfield>
<subfield code="u">Universidade Federal do Rio Grande do Sul - UFRGS</subfield><subfield code="0">https://orcid.org/0000-0002-0911-9820</subfield></datafield>
<datafield tag="720" ind1="1" ind2=" ">
<subfield code="a">Sbruzzi, Graciele</subfield>
<subfield code="u">Universidade Federal do Rio Grande do Sul - UFRGS</subfield><subfield code="0">https://orcid.org/0000-0002-4677-3098</subfield></datafield>
<datafield tag="720" ind1="1" ind2=" ">
<subfield code="a">Almeida, Carla Skilhan de</subfield>
<subfield code="u">Universidade Federal do Rio Grande do Sul - UFRGS</subfield><subfield code="0">https://orcid.org/0000-0003-1271-2876</subfield></datafield>
<datafield tag="520" ind1=" " ind2=" ">
<subfield code="a"> O desenvolvimento motor busca independência funcional através de mudanças nos sistemas corporais, possui caráter cumulativo e é influenciado por diferentes fatores, entre eles a prematuridade. Portanto, quando um bebê nasce prematuro ele necessita realizar intervenção precoce para minimizar os efeitos da prematuridade. Objetivo: Revisar sistematicamente os efeitos da intervenção motora precoce comparada ao tratamento convencional ou comparada à condição de controle sobre o desenvolvimento motor de prematuros. Método: A busca foi realizada nas bases Pubmed, PEDro, Lilacs e Cochrane, do início até julho de 2015. Utilizamos os descritores “premature”, “early intervention”, e seus sinônimos, além do filtro para ensaios clínicos randomizados. Foram incluídos ensaios clínicos randomizados com bebês prematuros que realizaram intervenção precoce comparado com tratamento convencional, grupo controle ou outro tipo de intervenção precoce, e que avaliaram o desenvolvimento motor. Resultados: Dos 970 estudos identificados, 13 foram incluídos. Seis estudos apresentaram resultados favoráveis no desenvolvimento motor no grupo intervenção, enquanto sete não apresentaram resultados significativos apesar de apresentarem melhoras no desenvolvimento motor. Conclusão: Os estudos apresentaram uma alta variabilidade metodológica, o que dificultou uma comparação entre os mesmos, visto que haviam diferentes métodos de avaliação, intervenção e frequências de tratamento. Por esse motivo, estudos como maior rigor metodológico ainda devem ser realizados para que possa haver um melhor entendimento do efeito da intervenção precoce em prematuros. </subfield>
</datafield>
<datafield tag="260" ind1=" " ind2=" ">
<subfield code="b">Faculdade de Medicina, Universidade de São Paulo</subfield>
</datafield>
<dataField tag="260" ind1=" " ind2=" ">
<subfield code="c">2019-09-30 00:00:00</subfield>
</dataField>   <datafield tag="856" ind1=" " ind2=" ">
<subfield code="q">application/pdf</subfield>
</datafield>
<datafield tag="856" ind1="4" ind2="0">
<subfield code="u">https://www.revistas.usp.br/actafisiatrica/article/view/168767</subfield>
</datafield>  <datafield tag="786" ind1="0" ind2=" ">
<subfield code="n">Acta Fisiátrica; v. 26 n. 3 (2019)</subfield>
</datafield>  <datafield tag="546" ind1=" " ind2=" ">
<subfield code="a">por</subfield>
</datafield>   <datafield tag="540" ind1=" " ind2=" ">
<subfield code="a">Copyright (c) 2019 Acta Fisiátrica</subfield>
</datafield>
</record>
</metadata>
</record>