
<record>
<header>
<identifier>oai:revistas.usp.br:article/168823</identifier>
<datestamp>2020-11-06T10:09:11Z</datestamp>
<setSpec>actafisiatrica:Art.+Orig.</setSpec>
<setSpec>driver</setSpec>
</header>
<metadata>
<record xmlns="http://www.loc.gov/MARC21/slim" xmlns:xsi="http://www.w3.org/2001/XMLSchema-instance" xsi:schemaLocation="http://www.loc.gov/MARC21/slim http://www.loc.gov/standards/marcxml/schema/MARC21slim.xsd">
<leader>     nmb a2200000Iu 4500</leader>
<controlfield tag="008">"191231 2019                        eng  "</controlfield>
<datafield tag="022" ind1="#" ind2="#">
<subfield code="$a">2317-0190</subfield>
</datafield>
<datafield tag="022" ind1="#" ind2="#">
<subfield code="$a">0104-7795</subfield>
</datafield>
<datafield tag="042" ind1=" " ind2=" ">
<subfield code="a">dc</subfield>
</datafield>
<datafield tag="245" ind1="0" ind2="0">
<subfield code="a">Comparação entre instrumentos de avaliação do equilíbrio em mulheres adultas e idosas da comunidade</subfield>
</datafield>  <datafield tag="720" ind1="1" ind2=" ">
<subfield code="a">Orcino, Juliane Leite</subfield>
<subfield code="u">Universidade Estadual de Goiás – UEG</subfield><subfield code="0">https://orcid.org/0000-0002-7039-0214</subfield></datafield>
<datafield tag="720" ind1="1" ind2=" ">
<subfield code="a">Vieira, Martina Estevam Brom</subfield>
<subfield code="u">Universidade Estadual de Goiás – UEG</subfield><subfield code="0">https://orcid.org/0000-0001-6801-2604</subfield></datafield>
<datafield tag="720" ind1="1" ind2=" ">
<subfield code="a">Sousa, Hadassa Costa</subfield>
<subfield code="u">Universidade Estadual de Goiás – UEG</subfield></datafield>
<datafield tag="720" ind1="1" ind2=" ">
<subfield code="a">Moreira, Mariana Ferreira</subfield>
<subfield code="u">Universidade Estadual de Goiás – UEG</subfield><subfield code="0">https://orcid.org/0000-0002-2242-693X</subfield></datafield>
<datafield tag="720" ind1="1" ind2=" ">
<subfield code="a">Bueno, Guilherme Augusto Santos</subfield>
<subfield code="u">Universidade de Brasília – UnB</subfield></datafield>
<datafield tag="720" ind1="1" ind2=" ">
<subfield code="a">Ribeiro, Darlan Martins</subfield>
<subfield code="u">Universidade Estadual de Goiás – UEG</subfield><subfield code="0">https://orcid.org/0000-0002-8480-1686</subfield></datafield>
<datafield tag="720" ind1="1" ind2=" ">
<subfield code="a">Formiga, Cibelle Kayenne Martins Roberto</subfield>
<subfield code="u">Universidade Estadual de Goiás – UEG</subfield><subfield code="0">https://orcid.org/0000-0002-5837-297X</subfield></datafield>
<datafield tag="720" ind1="1" ind2=" ">
<subfield code="a">Gervásio, Flávia Martins</subfield>
<subfield code="u">Laboratório do Movimento Dr. Cláudio Almeida Borges, Universidade Estadual de Goiás – UEG</subfield><subfield code="0">https://orcid.org/0000-0003-1270-1608</subfield></datafield>
<datafield tag="520" ind1=" " ind2=" ">
<subfield code="a"> Objetivo: Comparar dois instrumentos de avaliação do equilíbrio, BESTest e Baropodometria, em mulheres da comunidade e verificar a influência da idade, comorbidades e visão no equilíbrio. Método: Estudo tranversal, analítico, realizado com mulheres adultas (50 a 64 anos) e idosas (a partir dos 65 anos). O equilíbrio foi avaliado por uma plataforma baropodométrica e com o Balance Evaluation Systems Test (BESTest). Aplicou-se teste T, Anova, Bonferroni e Regressão Linear utilizando o Software SPSS 23.0, adotando-se p&lt;0,05. Resultados: Participaram 156 mulheres sendo 54 adultas (59 anos ± 3,93) e 102 idosas (71 anos ± 4,8). O BESTest verificou que as mulheres adultas apresentaram melhor desempenho (p&lt;0,01) em relação à idosas nas categorias restrições biomecânicas, transições e antecipações, orientação sensorial, estabilidade de marcha e escore total. Houve relação entre o BESTest e o autorrelato de doenças no grupo de idosas nas categorias restrições biomecânicas, transições/antecipações e escore total (p&lt;0,01). A baropodometria identificou alteração do deslocamento latero-lateral com olhos fechados entre os grupos (p=0,01), sendo que, as idosas apresentaram pior desempenho. Todavia, as ferramentas supracitadas apresentaram pouca relação entre si, tendo sua associação variando entre 5 e 11%. Conclusão: O BESTest e a baropometria foram capazes de detectar diferenças entre o equilíbrio de mulheres adultas e idosas, porém apresentam baixa associação entre si. Sugere-se que sejam adotadas como avaliações complementares e não substituíveis na prática clínica do fisioterapeuta. </subfield>
</datafield>
<datafield tag="260" ind1=" " ind2=" ">
<subfield code="b">Faculdade de Medicina, Universidade de São Paulo</subfield>
</datafield>
<dataField tag="260" ind1=" " ind2=" ">
<subfield code="c">2019-12-31 00:00:00</subfield>
</dataField>   <datafield tag="856" ind1=" " ind2=" ">
<subfield code="q">application/pdf</subfield>
</datafield>
<datafield tag="856" ind1=" " ind2=" ">
<subfield code="q">application/pdf</subfield>
</datafield>
<datafield tag="856" ind1="4" ind2="0">
<subfield code="u">https://www.revistas.usp.br/actafisiatrica/article/view/168823</subfield>
</datafield>  <datafield tag="786" ind1="0" ind2=" ">
<subfield code="n">Acta Fisiátrica; v. 26 n. 4 (2019)</subfield>
</datafield>  <datafield tag="546" ind1=" " ind2=" ">
<subfield code="a">por</subfield>
</datafield>   <datafield tag="540" ind1=" " ind2=" ">
<subfield code="a">Copyright (c) 2019 Acta Fisiátrica</subfield>
</datafield>
</record>
</metadata>
</record>