
<record>
<header>
<identifier>oai:revistas.usp.br:article/168843</identifier>
<datestamp>2020-11-06T10:09:11Z</datestamp>
<setSpec>actafisiatrica:Art.+Orig.</setSpec>
<setSpec>driver</setSpec>
</header>
<metadata>
<record xmlns="http://www.loc.gov/MARC21/slim" xmlns:xsi="http://www.w3.org/2001/XMLSchema-instance" xsi:schemaLocation="http://www.loc.gov/MARC21/slim http://www.loc.gov/standards/marcxml/schema/MARC21slim.xsd">
<leader>     nmb a2200000Iu 4500</leader>
<controlfield tag="008">"191231 2019                        eng  "</controlfield>
<datafield tag="022" ind1="#" ind2="#">
<subfield code="$a">2317-0190</subfield>
</datafield>
<datafield tag="022" ind1="#" ind2="#">
<subfield code="$a">0104-7795</subfield>
</datafield>
<datafield tag="042" ind1=" " ind2=" ">
<subfield code="a">dc</subfield>
</datafield>
<datafield tag="245" ind1="0" ind2="0">
<subfield code="a">Comparação da funcionalidade, risco de quedas e medo de cair em idosos em razão do perfil de prática de atividade física</subfield>
</datafield>  <datafield tag="720" ind1="1" ind2=" ">
<subfield code="a">Oliveira, Daniel Vicentini de</subfield>
<subfield code="u">Centro Universitário de Maringá – UniCesumar</subfield><subfield code="0">http://lattes.cnpq.br/2388265927737135</subfield><subfield code="0">https://orcid.org/0000-0002-0272-9773</subfield></datafield>
<datafield tag="720" ind1="1" ind2=" ">
<subfield code="a">Franco, Maura Fernandes</subfield>
<subfield code="u">Universidade Estadual de Campinas – UNICAMP</subfield><subfield code="0">https://orcid.org/0000-0002-6588-7920</subfield></datafield>
<datafield tag="720" ind1="1" ind2=" ">
<subfield code="a">Yamashita, Felipe Carmona</subfield>
<subfield code="u">Centro Universitário de Maringá – UniCesumar</subfield><subfield code="0">https://orcid.org/0000-0003-0179-4706</subfield></datafield>
<datafield tag="720" ind1="1" ind2=" ">
<subfield code="a">Nascimento, Matheus Amarante do</subfield>
<subfield code="u">Universidade Estadual do Paraná – UNESPAR</subfield><subfield code="0">https://orcid.org/0000-0002-4677-8956</subfield></datafield>
<datafield tag="720" ind1="1" ind2=" ">
<subfield code="a">Freire, Gabriel Lucas Morais</subfield>
<subfield code="u">Universidade Federal do Vale do São Francisco – UNIVASF</subfield><subfield code="0">https://orcid.org/0000-0003-0589-9003</subfield></datafield>
<datafield tag="720" ind1="1" ind2=" ">
<subfield code="a">Nascimento Júnior, José Roberto Andrade do</subfield>
<subfield code="u">Universidade Federal do Vale do São Francisco – UNIVASF</subfield><subfield code="0">https://orcid.org/0000-0003-3836-6967</subfield></datafield>
<datafield tag="720" ind1="1" ind2=" ">
<subfield code="a">Oliveira, Rogéria Vicentini de</subfield>
<subfield code="u">Centro Universitário de Maringá – UniCesumar</subfield><subfield code="0">https://orcid.org/0000-0002-5061-6677</subfield></datafield>
<datafield tag="720" ind1="1" ind2=" ">
<subfield code="a">Bertoloni, Sonia Maria Marques Gomes</subfield>
<subfield code="u">Centro Universitário de Maringá – UniCesumar</subfield><subfield code="0">https://orcid.org/0000-0003-2579-7362</subfield></datafield>
<datafield tag="520" ind1=" " ind2=" ">
<subfield code="a"> Objetivo: Comparar a funcionalidade, o risco de quedas e o medo de cair em idosos em razão do perfil de prática de atividade física. Método: Trata-se de um estudo transversal, realizado com 80 idosos de ambos os sexos. Foi utilizado um questionário sociodemográfico e de saúde, o medo de cair foi avaliado pela Escala de Eficácia de Quedas (FES-I) e a funcionalidade foi avaliada por meio da avaliação de saúde e deficiência (WHODAS 2.0). Resultados: A análise dos dados foi feita por meio dos testes Kolmogorov-Smirnov, testes de Kruskal-Wallis e “U” de Mann-Whitney. Considerou-se um nível de significância de p&lt;0,05. Os principais achados demonstraram que os idosos que frequentam a academia mais de três vezes por semana apresentam melhor capacidade funcional em medo de quedas (p = 0,020) e nos domínios de cognição (p = 0,024), mobilidade (p = 0,042) e autocuidado (p = 0,036). Conclusão: A maior frequência de atividade física parecer ser fator interveniente nos menores risco de quedas, menor medo de cair e maior funcionalidade. </subfield>
</datafield>
<datafield tag="260" ind1=" " ind2=" ">
<subfield code="b">Faculdade de Medicina, Universidade de São Paulo</subfield>
</datafield>
<dataField tag="260" ind1=" " ind2=" ">
<subfield code="c">2019-12-31 00:00:00</subfield>
</dataField>   <datafield tag="856" ind1=" " ind2=" ">
<subfield code="q">application/pdf</subfield>
</datafield>
<datafield tag="856" ind1="4" ind2="0">
<subfield code="u">https://www.revistas.usp.br/actafisiatrica/article/view/168843</subfield>
</datafield>  <datafield tag="786" ind1="0" ind2=" ">
<subfield code="n">Acta Fisiátrica; v. 26 n. 4 (2019)</subfield>
</datafield>  <datafield tag="546" ind1=" " ind2=" ">
<subfield code="a">por</subfield>
</datafield>   <datafield tag="540" ind1=" " ind2=" ">
<subfield code="a">Copyright (c) 2019 Acta Fisiátrica</subfield>
</datafield>
</record>
</metadata>
</record>