
<record>
<header>
<identifier>oai:revistas.usp.br:article/168933</identifier>
<datestamp>2021-10-15T17:11:18Z</datestamp>
<setSpec>actafisiatrica:Art.+Orig.</setSpec>
<setSpec>driver</setSpec>
</header>
<metadata>
<record xmlns="http://www.loc.gov/MARC21/slim" xmlns:xsi="http://www.w3.org/2001/XMLSchema-instance" xsi:schemaLocation="http://www.loc.gov/MARC21/slim http://www.loc.gov/standards/marcxml/schema/MARC21slim.xsd">
<leader>     nmb a2200000Iu 4500</leader>
<controlfield tag="008">"210630 2021                        eng  "</controlfield>
<datafield tag="022" ind1="#" ind2="#">
<subfield code="$a">2317-0190</subfield>
</datafield>
<datafield tag="022" ind1="#" ind2="#">
<subfield code="$a">0104-7795</subfield>
</datafield>
<datafield tag="042" ind1=" " ind2=" ">
<subfield code="a">dc</subfield>
</datafield>
<datafield tag="245" ind1="0" ind2="0">
<subfield code="a">Confiabilidade da baropodometria na avaliação do equilíbrio de indivíduos com deficiência visual</subfield>
</datafield>  <datafield tag="720" ind1="1" ind2=" ">
<subfield code="a">Machado, Gabriela Gonçalves</subfield>
<subfield code="u">Universidade Federal do Triângulo Mineiro - UFTM</subfield><subfield code="0">https://orcid.org/0000-0002-4155-8858</subfield></datafield>
<datafield tag="720" ind1="1" ind2=" ">
<subfield code="a">Oliveira, Nuno Miguel Lopes de</subfield>
<subfield code="u">Universidade Federal do Triângulo Mineiro - UFTM</subfield><subfield code="0">https://orcid.org/0000-0001-7295-7491</subfield></datafield>
<datafield tag="520" ind1=" " ind2=" ">
<subfield code="a"> Indivíduos com deficiência visual podem apresentar déficits de equilíbrio e existem diversos métodos capazes de avalia-lo, sendo a baropodometria um método em expansão, porém com escassez de estudos que abordem suas medidas psicométricas e avaliações padronizados. Objetivo: Avaliar a confiabilidade relativa e absoluta da baropodometria em um protocolo de avaliação de equilíbrio para pessoas com deficiência visual. Método: Estudo observacional, de corte transversal, com 38 indivíduos, de ambos os sexos, com e sem diagnóstico de deficiência visual, sendo alocados: grupo controle (GCO) (n= 13) composto por indivíduos sem deficiência visual, grupo baixa visão (GBV) (n= 15), grupo cegueira (GCE) (n= 10) e posteriormente realizada a junção do GBV e GCE, compondo o grupo deficiência visual (GDV) (n= 25). Para avaliar a confiabilidade da baropodometria, utilizou-se o método teste e reteste, com um intervalo de sete dias. Os indivíduos foram avaliados em três condições, apoio bipodal, apoio unipodal direito e apoio unipodal esquerdo considerando as variáveis área, amplitude e velocidade média anteroposterior e laterolateral. Para confiabilidade relativa foi utilizado o Coeficiente de Correlação Intraclasse (CCI) e para a confiabilidade absoluta o erro padrão da medida (EPM). Resultados: Em relação a confiabilidade relativa, os CCIs das variáveis da baropodometria variaram de baixo a muito alto em todos os grupos, com melhor confiabilidade nas condições de apoios unipodais e maior índice no GCE. Na confiabilidade absoluta, 14 variáveis apresentaram boa confiabilidade. Conclusão: A baropodometria apresenta-se como um método confiável, porém deve-se ter cautela na escolha do posicionamento e da variável a ser analisada. </subfield>
</datafield>
<datafield tag="260" ind1=" " ind2=" ">
<subfield code="b">Faculdade de Medicina, Universidade de São Paulo</subfield>
</datafield>
<dataField tag="260" ind1=" " ind2=" ">
<subfield code="c">2021-06-30 00:00:00</subfield>
</dataField>   <datafield tag="856" ind1=" " ind2=" ">
<subfield code="q">application/pdf</subfield>
</datafield>
<datafield tag="856" ind1="4" ind2="0">
<subfield code="u">https://www.revistas.usp.br/actafisiatrica/article/view/168933</subfield>
</datafield>  <datafield tag="786" ind1="0" ind2=" ">
<subfield code="n">Acta Fisiátrica; v. 28 n. 2 (2021)</subfield>
</datafield>  <datafield tag="546" ind1=" " ind2=" ">
<subfield code="a">por</subfield>
</datafield>   <datafield tag="540" ind1=" " ind2=" ">
<subfield code="a">Copyright (c) 2021 Acta Fisiátrica</subfield>
</datafield>
</record>
</metadata>
</record>