
<record>
<header>
<identifier>oai:revistas.usp.br:article/168984</identifier>
<datestamp>2020-11-06T10:09:11Z</datestamp>
<setSpec>actafisiatrica:Art.+Orig.</setSpec>
<setSpec>driver</setSpec>
</header>
<metadata>
<record xmlns="http://www.loc.gov/MARC21/slim" xmlns:xsi="http://www.w3.org/2001/XMLSchema-instance" xsi:schemaLocation="http://www.loc.gov/MARC21/slim http://www.loc.gov/standards/marcxml/schema/MARC21slim.xsd">
<leader>     nmb a2200000Iu 4500</leader>
<controlfield tag="008">"191231 2019                        eng  "</controlfield>
<datafield tag="022" ind1="#" ind2="#">
<subfield code="$a">2317-0190</subfield>
</datafield>
<datafield tag="022" ind1="#" ind2="#">
<subfield code="$a">0104-7795</subfield>
</datafield>
<datafield tag="042" ind1=" " ind2=" ">
<subfield code="a">dc</subfield>
</datafield>
<datafield tag="245" ind1="0" ind2="0">
<subfield code="a">O trabalho mecânico segmentar como novo instrumento de avaliação do controle postural</subfield>
</datafield>  <datafield tag="720" ind1="1" ind2=" ">
<subfield code="a">Castro, Pedro Cláudio Gonsales de</subfield>
<subfield code="u">Instituto de Medicina Física e Reabilitação - IMREA HCFMUSP</subfield><subfield code="0">https://orcid.org/0000-0002-8071-2993</subfield></datafield>
<datafield tag="720" ind1="1" ind2=" ">
<subfield code="a">Goroso, Daniel Gustavo</subfield>
<subfield code="u">Universidade de Mogi das Cruzes - UMC</subfield><subfield code="0">https://orcid.org/0000-0001-5454-9873</subfield></datafield>
<datafield tag="720" ind1="1" ind2=" ">
<subfield code="a">Coelho, Daniel Boari</subfield>
<subfield code="0">https://orcid.org/0000-0001-8758-6507</subfield></datafield>
<datafield tag="720" ind1="1" ind2=" ">
<subfield code="a">Lopes, José Augusto Fernandes</subfield>
<subfield code="u">Instituto de Medicina Física e Reabilitação - IMREA HCFMUSP</subfield></datafield>
<datafield tag="720" ind1="1" ind2=" ">
<subfield code="a">Ayres, Denise Vianna Machado</subfield>
<subfield code="u">Instituto de Medicina Física e Reabilitação - IMREA HCFMUSP</subfield></datafield>
<datafield tag="720" ind1="1" ind2=" ">
<subfield code="a">Battistella, Linamara Rizzo</subfield>
<subfield code="u">Faculdade de Medicina. Universidade de São Paulo</subfield><subfield code="0">https://orcid.org/0000-0001-5275-0733</subfield></datafield>
<datafield tag="520" ind1=" " ind2=" ">
<subfield code="a"> Objectie: Calculate the mechanical work (W), applying the total mechanical work (Wtot) and segmental work (Wseg) as a new complementary evaluation resource of the postural control mechanisms in subjects undergoing  motor and visual disturbance. Methods: Ten healthy adult male volunteers were selected with ages 25.6 (±2.26) years, whose height was 1.69 (± 0.25) m and body weight was 68.22 (± 0.25) kg. Kinematic data of trunk extension with eyes open and blindfolded were captured with a frequency of 200 Hz. This way the post perturbation interval has been selected and the  Wseg (i.e. trunk, head, etc) and the total mechanical work (Wtot) calculated, which were obtained by means of total integral mechanical energy. Results: The statistical analyzing of information was done by paired-data Student&#039;s t test.  There has been no significant difference  (p&lt;0,08)  for the Wtot during the post perturbation interval. On the other hand, there has been a significant difference (p&lt;0.05) in the post perturbation interval of Wseg. However, there were significant differences in interval (p&lt;0.05). This difference is related to Wseg of head (Whead) and lower limbs (Wleg and Wthigh ) in the post-perturbation interval with early range of [0. 60] ms and [0. 100] ms after the self-perturbation. Conclusion: These differences that were found in Whead between the two conditions can be associated with modulations of the vestibulo-ocular-motor system. On the other hand, the differences that were found in Wleg and Wthigh can be associated with somato-sensory adjustment mechanisms. </subfield>
</datafield>
<datafield tag="260" ind1=" " ind2=" ">
<subfield code="b">Faculdade de Medicina, Universidade de São Paulo</subfield>
</datafield>
<dataField tag="260" ind1=" " ind2=" ">
<subfield code="c">2019-12-31 00:00:00</subfield>
</dataField>   <datafield tag="856" ind1=" " ind2=" ">
<subfield code="q">application/pdf</subfield>
</datafield>
<datafield tag="856" ind1="4" ind2="0">
<subfield code="u">https://www.revistas.usp.br/actafisiatrica/article/view/168984</subfield>
</datafield>  <datafield tag="786" ind1="0" ind2=" ">
<subfield code="n">Acta Fisiátrica; v. 26 n. 4 (2019)</subfield>
</datafield>  <datafield tag="546" ind1=" " ind2=" ">
<subfield code="a">eng</subfield>
</datafield>   <datafield tag="540" ind1=" " ind2=" ">
<subfield code="a">Copyright (c) 2019 Acta Fisiátrica</subfield>
</datafield>
</record>
</metadata>
</record>