
<record>
<header>
<identifier>oai:revistas.usp.br:article/169050</identifier>
<datestamp>2021-03-25T14:48:20Z</datestamp>
<setSpec>actafisiatrica:Art.+Orig.</setSpec>
<setSpec>driver</setSpec>
</header>
<metadata>
<record xmlns="http://www.loc.gov/MARC21/slim" xmlns:xsi="http://www.w3.org/2001/XMLSchema-instance" xsi:schemaLocation="http://www.loc.gov/MARC21/slim http://www.loc.gov/standards/marcxml/schema/MARC21slim.xsd">
<leader>     nmb a2200000Iu 4500</leader>
<controlfield tag="008">"200930 2020                        eng  "</controlfield>
<datafield tag="022" ind1="#" ind2="#">
<subfield code="$a">2317-0190</subfield>
</datafield>
<datafield tag="022" ind1="#" ind2="#">
<subfield code="$a">0104-7795</subfield>
</datafield>
<datafield tag="042" ind1=" " ind2=" ">
<subfield code="a">dc</subfield>
</datafield>
<datafield tag="245" ind1="0" ind2="0">
<subfield code="a">Prática de atividade física e fisioterapia em indivíduos com doença de Parkinson</subfield>
</datafield>  <datafield tag="720" ind1="1" ind2=" ">
<subfield code="a">Alvim, Alisson Luis Silva</subfield>
<subfield code="u">Universidade Federal de Minas Gerais - UFMG</subfield><subfield code="0">https://orcid.org/0000-0002-8905-0375</subfield></datafield>
<datafield tag="720" ind1="1" ind2=" ">
<subfield code="a">Rodrigues, Lara de Almeida</subfield>
<subfield code="u">Universidade Federal de Minas Gerais – UFMG</subfield><subfield code="0">https://orcid.org/0000-0003-0830-4941</subfield></datafield>
<datafield tag="720" ind1="1" ind2=" ">
<subfield code="a">Gomes, Aline Gonçalves</subfield>
<subfield code="u">Universidade Federal de Minas Gerais – UFMG</subfield><subfield code="0">https://orcid.org/0000-0002-9598-553X</subfield></datafield>
<datafield tag="720" ind1="1" ind2=" ">
<subfield code="a">Christo, Paulo Pereira</subfield>
<subfield code="u">Universidade Federal de Minas Gerais – UFMG</subfield><subfield code="0">https://orcid.org/0000-0003-1224-5243</subfield></datafield>
<datafield tag="720" ind1="1" ind2=" ">
<subfield code="a">Cardoso, Francisco Eduardo Costa</subfield>
<subfield code="u">Universidade Federal de Minas Gerais – UFMG</subfield><subfield code="0">https://orcid.org/0000-0003-0808-0116</subfield></datafield>
<datafield tag="720" ind1="1" ind2=" ">
<subfield code="a">Scalzo, Paula Luciana</subfield>
<subfield code="u">Universidade Federal de Minas Gerais – UFMG</subfield><subfield code="0">https://orcid.org/0000-0003-1383-8550</subfield></datafield>
<datafield tag="520" ind1=" " ind2=" ">
<subfield code="a"> Objetivo: Avaliar o perfil da prática de atividade física (AF) e de fisioterapia em indivíduos com doença de Parkinson (DP). Métodos: Pacientes foram recrutados a partir de dois centros de desordens de movimento de Belo Horizonte (Ambulatório Bias Fortes da Universidade Federal de Minas Gerais e Centro Metropolitano de Especialidades Médicas da Santa Casa de Belo Horizonte) entre fevereiro a dezembro de 2019. Resultados: Cento e oitenta e cinco indivíduos responderam um questionário para coleta de dados sociodemográficos, história médica e prática de AF e/ou fisioterapia. Ao comparar os indivíduos dos dois centros, houve diferença apenas em relação à frequência de comorbidades. A hipertensão arterial foi a comorbidade mais comum. Apenas 37,8% e 20,5% dos indivíduos relataram praticar AF ou fazer fisioterapia, respectivamente. A caminhada foi a atividade física mais comum. Pacientes sedentários tinham idade mais avançada, menor tempo de escolaridade, maior duração da DP, e eram mais acometidos por outras comorbidades quando comparados aos pacientes mais ativos. Conclusão: O presente estudo mostra a influência da idade, da escolaridade e do tempo de DP na adesão à prática de AF e fisioterapia. Iniciativas de saúde pública são necessárias para promover a mudança de comportamento e melhorar as oportunidades de AF entre os indivíduos com DP. </subfield>
</datafield>
<datafield tag="260" ind1=" " ind2=" ">
<subfield code="b">Faculdade de Medicina, Universidade de São Paulo</subfield>
</datafield>
<dataField tag="260" ind1=" " ind2=" ">
<subfield code="c">2020-09-30 00:00:00</subfield>
</dataField>   <datafield tag="856" ind1=" " ind2=" ">
<subfield code="q">application/pdf</subfield>
</datafield>
<datafield tag="856" ind1="4" ind2="0">
<subfield code="u">https://www.revistas.usp.br/actafisiatrica/article/view/169050</subfield>
</datafield>  <datafield tag="786" ind1="0" ind2=" ">
<subfield code="n">Acta Fisiátrica; v. 27 n. 3 (2020)</subfield>
</datafield>  <datafield tag="546" ind1=" " ind2=" ">
<subfield code="a">por</subfield>
</datafield>   <datafield tag="540" ind1=" " ind2=" ">
<subfield code="a">Copyright (c) 2020 Acta Fisiátrica</subfield>
</datafield>
</record>
</metadata>
</record>