
<record>
<header>
<identifier>oai:revistas.usp.br:article/169145</identifier>
<datestamp>2020-11-24T18:59:27Z</datestamp>
<setSpec>actafisiatrica:Art.+Orig.</setSpec>
<setSpec>driver</setSpec>
</header>
<metadata>
<record xmlns="http://www.loc.gov/MARC21/slim" xmlns:xsi="http://www.w3.org/2001/XMLSchema-instance" xsi:schemaLocation="http://www.loc.gov/MARC21/slim http://www.loc.gov/standards/marcxml/schema/MARC21slim.xsd">
<leader>     nmb a2200000Iu 4500</leader>
<controlfield tag="008">"200331 2020                        eng  "</controlfield>
<datafield tag="022" ind1="#" ind2="#">
<subfield code="$a">2317-0190</subfield>
</datafield>
<datafield tag="022" ind1="#" ind2="#">
<subfield code="$a">0104-7795</subfield>
</datafield>
<datafield tag="042" ind1=" " ind2=" ">
<subfield code="a">dc</subfield>
</datafield>
<datafield tag="245" ind1="0" ind2="0">
<subfield code="a">Tradução e adaptação transcultural do Questionnaire de Satisfaction de la Personne Amputée face à sa Prothèse (SAT-PRO) para a língua portuguesa do Brasil</subfield>
</datafield>  <datafield tag="720" ind1="1" ind2=" ">
<subfield code="a">Gutierres Filho, Paulo José Barbosa</subfield>
<subfield code="u">Universidade de Brasília - UnB</subfield><subfield code="0">https://orcid.org/0000-0001-7753-0825</subfield></datafield>
<datafield tag="720" ind1="1" ind2=" ">
<subfield code="a">Fernandes, Jorge Manuel Gomes de Azevedo</subfield>
<subfield code="u">Universidade de Évora, Portugal</subfield><subfield code="0">https://orcid.org/0000-0001-8205-5870</subfield></datafield>
<datafield tag="720" ind1="1" ind2=" ">
<subfield code="a">Ferreira, Leonardo Dimas</subfield>
<subfield code="u">Universidade de Brasília - UnB</subfield><subfield code="0">https://orcid.org/0000-0002-1272-4837</subfield></datafield>
<datafield tag="720" ind1="1" ind2=" ">
<subfield code="a">Lima, David Braga</subfield>
<subfield code="u">Universidade do Estado de Santa Catarina - UDESC</subfield><subfield code="0">https://orcid.org/0000-0002-2505-1133</subfield></datafield>
<datafield tag="720" ind1="1" ind2=" ">
<subfield code="a">Silva, Diego Rodrigues Pimentel da</subfield>
<subfield code="u">Universidade de Brasília - UnB</subfield><subfield code="0">https://orcid.org/0000-0003-2895-4458</subfield></datafield>
<datafield tag="720" ind1="1" ind2=" ">
<subfield code="a">Silva, Rudney da</subfield>
<subfield code="u">Universidade do Estado de Santa Catarina - UDESC</subfield><subfield code="0">https://orcid.org/0000-0002-9386-0039</subfield></datafield>
<datafield tag="520" ind1=" " ind2=" ">
<subfield code="a"> A satisfação da pessoa amputada com a sua prótese é fundamental para o sucesso da reabilitação protésica, o que justifica a necessidade de existirem instrumentos para serem utilizados pelos profissionais de saúde. Um dos instrumentos que permite realizar esta avaliação é o questionário SAT-PRO, que foi desenvolvido e aplicado no Canadá, em idosos amputados de membro inferior, mas que no Brasil ainda não está traduzido, adaptado ou validado. Objetivo: Realizar a tradução do SAT-PRO para a língua portuguesa, e apresentar uma versão adaptada culturalmente para ser aplicada em idosos brasileiros. Método: A tradução e adaptação transcultural foi realizada em cinco etapas, seguindo-se de uma sexta etapa em que se verificou a validade de conteúdo e confiabilidade do instrumento. Resultados: Durante o processo de tradução e adaptação encontraram-se algumas ambiguidades que foram colmatadas pela realização de ajustes consensuais ao questionário. O índice de validade de conteúdo dos itens variou entre 0,85 e 1, e o índice de validade da escala foi de 0,98. O valor total do coeficiente alfa de Cronbach foi de 0,89. Conclusão: O processo de tradução e adaptação transcultural do SAT-PRO, revelou que este se encontra adaptado à realidade cultural de idosos brasileiros com amputação de membro inferior, apresentando também boa validade de conteúdo e confiabilidade. </subfield>
</datafield>
<datafield tag="260" ind1=" " ind2=" ">
<subfield code="b">Faculdade de Medicina, Universidade de São Paulo</subfield>
</datafield>
<dataField tag="260" ind1=" " ind2=" ">
<subfield code="c">2020-03-31 00:00:00</subfield>
</dataField>   <datafield tag="856" ind1=" " ind2=" ">
<subfield code="q">application/pdf</subfield>
</datafield>
<datafield tag="856" ind1="4" ind2="0">
<subfield code="u">https://www.revistas.usp.br/actafisiatrica/article/view/169145</subfield>
</datafield>  <datafield tag="786" ind1="0" ind2=" ">
<subfield code="n">Acta Fisiátrica; v. 27 n. 1 (2020)</subfield>
</datafield>  <datafield tag="546" ind1=" " ind2=" ">
<subfield code="a">por</subfield>
</datafield>   <datafield tag="540" ind1=" " ind2=" ">
<subfield code="a">Copyright (c) 2020 Acta Fisiátrica</subfield>
</datafield>
</record>
</metadata>
</record>