
<record>
<header>
<identifier>oai:revistas.usp.br:article/169409</identifier>
<datestamp>2021-02-02T14:48:29Z</datestamp>
<setSpec>actafisiatrica:Art.+Orig.</setSpec>
<setSpec>driver</setSpec>
</header>
<metadata>
<record xmlns="http://www.loc.gov/MARC21/slim" xmlns:xsi="http://www.w3.org/2001/XMLSchema-instance" xsi:schemaLocation="http://www.loc.gov/MARC21/slim http://www.loc.gov/standards/marcxml/schema/MARC21slim.xsd">
<leader>     nmb a2200000Iu 4500</leader>
<controlfield tag="008">"200630 2020                        eng  "</controlfield>
<datafield tag="022" ind1="#" ind2="#">
<subfield code="$a">2317-0190</subfield>
</datafield>
<datafield tag="022" ind1="#" ind2="#">
<subfield code="$a">0104-7795</subfield>
</datafield>
<datafield tag="042" ind1=" " ind2=" ">
<subfield code="a">dc</subfield>
</datafield>
<datafield tag="245" ind1="0" ind2="0">
<subfield code="a">Aumento da carga de osteoartrite no Brasil de 2000 a 2017: resultados do Estudo Global de Carga de Doenças (GBD), 2017</subfield>
</datafield>  <datafield tag="720" ind1="1" ind2=" ">
<subfield code="a">Leopoldino, Amanda Aparecida Oliveira</subfield>
<subfield code="u">Faculdade Ciências Médicas de Minas Gerais – FCMMG</subfield><subfield code="0">https://orcid.org/0000-0002-3958-7107</subfield></datafield>
<datafield tag="720" ind1="1" ind2=" ">
<subfield code="a">Bertolini, Fabricio Melo</subfield>
<subfield code="u">Faculdade Ciências Médicas de Minas Gerais – FCMMG</subfield><subfield code="0">https://orcid.org/0000-0001-6700-0513</subfield></datafield>
<datafield tag="720" ind1="1" ind2=" ">
<subfield code="a">Mesquita, Juliano Vilela Dalia</subfield>
<subfield code="u">Faculdade Ciências Médicas de Minas Gerais – FCMMG</subfield><subfield code="0">https://orcid.org/0000-0002-1739-9594</subfield></datafield>
<datafield tag="720" ind1="1" ind2=" ">
<subfield code="a">Cousin, Ewerton</subfield>
<subfield code="u">Universidade Federal do Rio Grande do Sul – UFRGS</subfield><subfield code="0">https://orcid.org/0000-0003-3455-8865</subfield></datafield>
<datafield tag="720" ind1="1" ind2=" ">
<subfield code="a">Passos, Valéria Maria de Azeredo</subfield>
<subfield code="u">Faculdade Ciências Médicas de Minas Gerais – FCMMG</subfield><subfield code="0">https://orcid.org/0000-0003-2829-5798</subfield></datafield>
<datafield tag="520" ind1=" " ind2=" ">
<subfield code="a"> Worldwide, osteoarthritis (OA) is a leading cause of musculoskeletal disease and the second cause of work-related disability among adult men. There are few Brazilian population-based studies on OA, none investigating the national burden. Objective: To investigate the burden of OA among Brazilian people (50+ years old), from 2000 to 2017. Method: Descriptive study on the estimates of OA obtained in collaboration with the study Global Burden of Disease 2017. Since OA is not a cause of death, we described the prevalence and the years lived with disability (YLDs), representing the burden of disease (DALYs). We compare the metrics for Brazil with a developing country in Latin America (Chile) and two developed countries, with or without public health system (England and United States). Results: The number of cases in Brazil almost doubled from 2000 to 2017. All countries showed increasing age-standardized prevalence. Brazil presented the smallest rates and increase (9%) in the period. OA raised from 14th to the 12th cause of disability from 2000 to 2017 in those aged 50 to 69 and in 2017. The YLD rates of 100,000 inhabitants increased more than three times, in men and women, among those aged 50 to 54 years and in individuals over 80 years old. Aging was associated with a clear gradient increase in disability for both sexes and years analyzed. Conclusion: Estimate of the burden of OA in Brazil highlight the importance of this cause of disability to health policymakers and call attention to the need for more research investments. </subfield>
</datafield>
<datafield tag="260" ind1=" " ind2=" ">
<subfield code="b">Faculdade de Medicina, Universidade de São Paulo</subfield>
</datafield>
<dataField tag="260" ind1=" " ind2=" ">
<subfield code="c">2020-06-30 00:00:00</subfield>
</dataField>   <datafield tag="856" ind1=" " ind2=" ">
<subfield code="q">application/pdf</subfield>
</datafield>
<datafield tag="856" ind1="4" ind2="0">
<subfield code="u">https://www.revistas.usp.br/actafisiatrica/article/view/169409</subfield>
</datafield>  <datafield tag="786" ind1="0" ind2=" ">
<subfield code="n">Acta Fisiátrica; v. 27 n. 2 (2020)</subfield>
</datafield>  <datafield tag="546" ind1=" " ind2=" ">
<subfield code="a">eng</subfield>
</datafield>   <datafield tag="540" ind1=" " ind2=" ">
<subfield code="a">Copyright (c) 2020 Acta Fisiátrica</subfield>
</datafield>
</record>
</metadata>
</record>