
<record>
<header>
<identifier>oai:revistas.usp.br:article/169453</identifier>
<datestamp>2020-11-06T10:09:11Z</datestamp>
<setSpec>actafisiatrica:Art.+Orig.</setSpec>
<setSpec>driver</setSpec>
</header>
<metadata>
<record xmlns="http://www.loc.gov/MARC21/slim" xmlns:xsi="http://www.w3.org/2001/XMLSchema-instance" xsi:schemaLocation="http://www.loc.gov/MARC21/slim http://www.loc.gov/standards/marcxml/schema/MARC21slim.xsd">
<leader>     nmb a2200000Iu 4500</leader>
<controlfield tag="008">"191231 2019                        eng  "</controlfield>
<datafield tag="022" ind1="#" ind2="#">
<subfield code="$a">2317-0190</subfield>
</datafield>
<datafield tag="022" ind1="#" ind2="#">
<subfield code="$a">0104-7795</subfield>
</datafield>
<datafield tag="042" ind1=" " ind2=" ">
<subfield code="a">dc</subfield>
</datafield>
<datafield tag="245" ind1="0" ind2="0">
<subfield code="a">Adaptação transcultural do Stroke Upper Limb Capacity Scale (SULCS): um instrumento de avaliação da capacidade manual em indivíduos com hemiparesia</subfield>
</datafield>  <datafield tag="720" ind1="1" ind2=" ">
<subfield code="a">Faria-Fortini, Iza</subfield>
<subfield code="u">Escola de Educação Física, Fisioterapia e Terapia Ocupacional, Universidade Federal de Minas Gerais – UFMG</subfield><subfield code="0">http://orcid.org/0000-0002-0104-1547</subfield></datafield>
<datafield tag="720" ind1="1" ind2=" ">
<subfield code="a">Nunes, Ciomara Maria Pérez</subfield>
<subfield code="u">Departamento de Terapia Ocupacional, Escola de Educação Física, Fisioterapia e Terapia Ocupacional, Universidade Federal de Minas Gerais – UFMG</subfield><subfield code="0">http://orcid.org/0000-0003-4786-6840</subfield></datafield>
<datafield tag="720" ind1="1" ind2=" ">
<subfield code="a">Bretas, Gabriela dos Santos</subfield>
<subfield code="u">Departamento de Terapia Ocupacional, Escola de Educação Física, Fisioterapia e Terapia Ocupacional, Universidade Federal de Minas Gerais – UFMG</subfield><subfield code="0">https://orcid.org/0000-0001-5208-0645</subfield></datafield>
<datafield tag="720" ind1="1" ind2=" ">
<subfield code="a">Faria, Christina Danielli Coelho de Morais</subfield>
<subfield code="u">Departamento de Fisioterapia, Escola de Educação Física, Fisioterapia e Terapia Ocupacional, Universidade Federal de Minas Gerais – UFMG</subfield><subfield code="0">https://orcid.org/0000-0001-9784-9729</subfield></datafield>
<datafield tag="720" ind1="1" ind2=" ">
<subfield code="a">Scianni, Aline Alvim</subfield>
<subfield code="u">Departamento de Fisioterapia, Escola de Educação Física, Fisioterapia e Terapia Ocupacional, Universidade Federal de Minas Gerais – UFMG</subfield><subfield code="0">https://orcid.org/0000-0002-5968-2195</subfield></datafield>
<datafield tag="720" ind1="1" ind2=" ">
<subfield code="a">Teixeira-Salmela, Luci Fuscaldi</subfield>
<subfield code="u">Departamento de Fisioterapia, Escola de Educação Física, Fisioterapia e Terapia Ocupacional, Universidade Federal de Minas Gerais – UFMG</subfield><subfield code="0">https://orcid.org/0000-0001-8358-8636</subfield></datafield>
<datafield tag="520" ind1=" " ind2=" ">
<subfield code="a"> Após a ocorrência do Acidente Vascular Encefálico (AVE), é comum a presença de deficiências residuais, com potencial impacto na utilização dos membros superiores (MMSS) na realização de atividades cotidianas, consideradas essenciais para uma vida independente. O Stroke Upper Limb Capacity Scale (SULCS) avalia a função proximal e distal dos membros superiores de indivíduos pós-AVE por meio de 10 itens, hierarquicamente ordenados, que representam tarefas significativas relacionadas às atividades diárias realizadas em ambiente domiciliar. Objetivo: Adaptar transculturalmente o SULCS para uso no Brasil. Método: O processo de adaptação transcultural foi realizado em cinco estágios, seguindo procedimentos padronizados:  tradução inicial, síntese das traduções, retrotradução, comitê de especialistas e aplicação da versão pré-final em 15 indivíduos pós-AVE. Resultados: As versões original e retrotraduzida apresentaram adequada equivalência semântica. O comitê de especialistas adequou a descrição dos itens às regras gramaticais da língua portuguesa. Em um item da escala, foi acrescentada observação sobre a forma de realização da tarefa, para equivalência experimental, e realizada adaptação do material de teste em três itens, para equivalência cultural. Não foram observadas dificuldades de compreensão dos itens no teste da versão pré-final. Conclusão: O SULCS-Brasil apresentou adequadas equivalências semântica, idiomática, cultural e experimental. Os resultados desse estudo viabilizam o uso do SULCS-Brasil como uma ferramenta para avaliação da capacidade dos membros superiores de indivíduos pós-AVE. Estudos futuros são necessários para continuidade do processo de validação da escala, a partir da investigação de outras propriedades de medida, tais como validade de construto e confiabilidade. </subfield>
</datafield>
<datafield tag="260" ind1=" " ind2=" ">
<subfield code="b">Faculdade de Medicina, Universidade de São Paulo</subfield>
</datafield>
<dataField tag="260" ind1=" " ind2=" ">
<subfield code="c">2019-12-31 00:00:00</subfield>
</dataField>   <datafield tag="856" ind1=" " ind2=" ">
<subfield code="q">application/pdf</subfield>
</datafield>
<datafield tag="856" ind1="4" ind2="0">
<subfield code="u">https://www.revistas.usp.br/actafisiatrica/article/view/169453</subfield>
</datafield>  <datafield tag="786" ind1="0" ind2=" ">
<subfield code="n">Acta Fisiátrica; v. 26 n. 4 (2019)</subfield>
</datafield>  <datafield tag="546" ind1=" " ind2=" ">
<subfield code="a">por</subfield>
</datafield>   <datafield tag="540" ind1=" " ind2=" ">
<subfield code="a">Copyright (c) 2019 Acta Fisiátrica</subfield>
</datafield>
</record>
</metadata>
</record>