
<record>
<header>
<identifier>oai:revistas.usp.br:article/169465</identifier>
<datestamp>2020-11-06T10:09:11Z</datestamp>
<setSpec>actafisiatrica:Art.+Orig.</setSpec>
<setSpec>driver</setSpec>
</header>
<metadata>
<record xmlns="http://www.loc.gov/MARC21/slim" xmlns:xsi="http://www.w3.org/2001/XMLSchema-instance" xsi:schemaLocation="http://www.loc.gov/MARC21/slim http://www.loc.gov/standards/marcxml/schema/MARC21slim.xsd">
<leader>     nmb a2200000Iu 4500</leader>
<controlfield tag="008">"191231 2019                        eng  "</controlfield>
<datafield tag="022" ind1="#" ind2="#">
<subfield code="$a">2317-0190</subfield>
</datafield>
<datafield tag="022" ind1="#" ind2="#">
<subfield code="$a">0104-7795</subfield>
</datafield>
<datafield tag="042" ind1=" " ind2=" ">
<subfield code="a">dc</subfield>
</datafield>
<datafield tag="245" ind1="0" ind2="0">
<subfield code="a">Correlação da evolução do estado funcional com o tempo de ventilação mecânica invasiva em pacientes críticos</subfield>
</datafield>  <datafield tag="720" ind1="1" ind2=" ">
<subfield code="a">Santos, Marilucia Reis dos</subfield>
<subfield code="u">Hospital Geral Roberto Santos - Salvador/Bahia</subfield><subfield code="0">https://orcid.org/0000-0002-3220-883X</subfield></datafield>
<datafield tag="720" ind1="1" ind2=" ">
<subfield code="a">Guerreiro, Caroline Ferreira</subfield>
<subfield code="u">Hospital Geral Roberto Santos – Salvador/Bahia</subfield><subfield code="0">http://lattes.cnpq.br/3534468342074425</subfield></datafield>
<datafield tag="720" ind1="1" ind2=" ">
<subfield code="a">Anjos, Jorge Luis Motta</subfield>
<subfield code="u">Hospital Geral Roberto Santos – Salvador/Bahia</subfield><subfield code="0">http://lattes.cnpq.br/2238513376998567</subfield></datafield>
<datafield tag="720" ind1="1" ind2=" ">
<subfield code="a">Silva, Cássio Magalhães da Silva e</subfield>
<subfield code="u">Universidade Federal da Bahia – UFBA</subfield><subfield code="0">http://lattes.cnpq.br/0820600663435032</subfield></datafield>
<datafield tag="520" ind1=" " ind2=" ">
<subfield code="a"> Pacientes críticos internados na unidade de terapia intensiva (UTI) comumente apresentam declínio do estado funcional, sendo o tempo de permanência na ventilação mecânica invasiva (VMI) o fator de maior importância relacionado ao comprometimento do desempenho físico. Objetivo: Investigar a correlação da evolução do estado funcional entre a admissão e a alta com o tempo de VMI relacionada a mobilidade. Metodo: Trata-se de um estudo observacional, de delineamento transversal, realizado nas UTI&#039;s de um hospital da rede pública estadual. Foi aplicado a escala Functional Status Score Intensive Unit Care (FSS-ICU) por ﬁsioterapeutas treinados para avaliação do estado funcional. Para comparação os grupos foram divididos em clínicos e cirúrgicos e utilizado o teste não paramétrico de Mann-Whitney. Para análise da correlação foi utilizado o coeﬁciente de Spearman. Resultados: A amostra foi composta por 30 pacientes com mediana de idade 49,5 [37,0-67,7] anos, sendo a maioria (53%) do sexo masculino, com mediana de tempo de VMI 132,0 [48,0-192,0] horas, mediana de 4,0 [2,0-6,0] do índice de comorbidades de Charlson, predomínio das cirurgias abdominais (75%) e mediana do FSS entre a admissão e a alta de 12, 0 [10,0-30,7]. Veriﬁcou-se uma correlação negativa de moderada a boa entre o FSS da admissão e da alta com o tempo de VMI em horas (r= -0,50 p= 0,005) (r= -0,71 p&lt; 0,001). Conclusão: Existe correlação negativa entre a evolução do estado funcional na admissão e alta com o tempo de VMI em doentes críticos e o perﬁl diagnóstico também pode interferir nesse desfecho. </subfield>
</datafield>
<datafield tag="260" ind1=" " ind2=" ">
<subfield code="b">Faculdade de Medicina, Universidade de São Paulo</subfield>
</datafield>
<dataField tag="260" ind1=" " ind2=" ">
<subfield code="c">2019-12-31 00:00:00</subfield>
</dataField>   <datafield tag="856" ind1=" " ind2=" ">
<subfield code="q">application/pdf</subfield>
</datafield>
<datafield tag="856" ind1="4" ind2="0">
<subfield code="u">https://www.revistas.usp.br/actafisiatrica/article/view/169465</subfield>
</datafield>  <datafield tag="786" ind1="0" ind2=" ">
<subfield code="n">Acta Fisiátrica; v. 26 n. 4 (2019)</subfield>
</datafield>  <datafield tag="546" ind1=" " ind2=" ">
<subfield code="a">por</subfield>
</datafield>   <datafield tag="540" ind1=" " ind2=" ">
<subfield code="a">Copyright (c) 2019 Acta Fisiátrica</subfield>
</datafield>
</record>
</metadata>
</record>