
<record>
<header>
<identifier>oai:revistas.usp.br:article/169615</identifier>
<datestamp>2020-11-24T18:59:27Z</datestamp>
<setSpec>actafisiatrica:Art.+Orig.</setSpec>
<setSpec>driver</setSpec>
</header>
<metadata>
<record xmlns="http://www.loc.gov/MARC21/slim" xmlns:xsi="http://www.w3.org/2001/XMLSchema-instance" xsi:schemaLocation="http://www.loc.gov/MARC21/slim http://www.loc.gov/standards/marcxml/schema/MARC21slim.xsd">
<leader>     nmb a2200000Iu 4500</leader>
<controlfield tag="008">"200331 2020                        eng  "</controlfield>
<datafield tag="022" ind1="#" ind2="#">
<subfield code="$a">2317-0190</subfield>
</datafield>
<datafield tag="022" ind1="#" ind2="#">
<subfield code="$a">0104-7795</subfield>
</datafield>
<datafield tag="042" ind1=" " ind2=" ">
<subfield code="a">dc</subfield>
</datafield>
<datafield tag="245" ind1="0" ind2="0">
<subfield code="a">Independência funcional e comprometimento motor em indivíduos pós-AVE da comunidade</subfield>
</datafield>  <datafield tag="720" ind1="1" ind2=" ">
<subfield code="a">Rissetti, Jéssica</subfield>
<subfield code="u">Universidade Federal de Santa Catarina – UFSC</subfield><subfield code="0">https://orcid.org/0000-0002-9039-3818</subfield></datafield>
<datafield tag="720" ind1="1" ind2=" ">
<subfield code="a">Feistauer, Juliana Bertuol</subfield>
<subfield code="u">Universidade Federal de Santa Catarina – UFSC</subfield><subfield code="0">https://orcid.org/0000-0001-9864-280X</subfield></datafield>
<datafield tag="720" ind1="1" ind2=" ">
<subfield code="a">Luiz, Jhoanne Merlyn</subfield>
<subfield code="u">Universidade Federal de Santa Catarina – UFSC</subfield><subfield code="0">https://orcid.org/0000-0001-9807-841X</subfield></datafield>
<datafield tag="720" ind1="1" ind2=" ">
<subfield code="a">da Silveira, Larissa de Souza</subfield>
<subfield code="u">Universidade Federal de Santa Catarina – UFSC</subfield><subfield code="0">https://orcid.org/0000-0001-9366-1251</subfield></datafield>
<datafield tag="720" ind1="1" ind2=" ">
<subfield code="a">Ovando, Angélica Cristiane</subfield>
<subfield code="u">Universidade Federal de Santa Catarina – UFSC</subfield><subfield code="0">https://orcid.org/0000-0002-5098-3258</subfield></datafield>
<datafield tag="520" ind1=" " ind2=" ">
<subfield code="a"> Indivíduos acometidos por acidente vascular encefálico (AVE) podem apresentar déficits motores, como a hemiparesia, que limitam a autonomia para realização das atividades de vida diária (AVD). Objetivo: Avaliar o comprometimento motor e a independência funcional de indivíduos pós-AVE cadastrados nas Unidades Básicas de Saúde (UBS) no município de Araranguá/SC. Método: A amostra foi composta por indivíduos com sequelas motoras de AVE cadastrados nas UBS de Araranguá, que foram avaliados através da Escala de Rankin Modificada, Mini Exame do Estado Mental, Medida de Independência Funcional (MIF), Escala de Fugl Meyer (EFM) e questionário sociodemográfico. Resultados: Foram avaliados 56 indivíduos, com média de idade de 67,3±11 anos. Na MIF, 67,9% apresentaram dependência modificada, necessitando de até 25% de auxílio para realizar suas AVD. Na pontuação total da EFM, 58,9% dos indivíduos apresentaram comprometimento marcado, 32,1% apresentaram comprometimento grave para membro inferior e 46,4% apresentaram comprometimento moderado para membro superior. Foi observada correlação significativa entre o resultado da EFM total com o resultado da MIF total (ρ=0.6; ρ&lt;0,01) e entre o resultado da EFM total com todos os itens da escala MIF (ρ&lt;0,01). Conclusão: Os indivíduos avaliados apresentaram comprometimento motor marcado e algum grau de dependência funcional. A correlação significativa entre as variáveis demonstrou que indivíduos pós-AVE crônico no município de Araranguá apresentam comprometimento motor que gera dependência funcional para realização das AVD. Espera-se que os resultados encontrados possam auxiliar profissionais de saúde da região a criarem abordagens para manter estes indivíduos mais independentes. </subfield>
</datafield>
<datafield tag="260" ind1=" " ind2=" ">
<subfield code="b">Faculdade de Medicina, Universidade de São Paulo</subfield>
</datafield>
<dataField tag="260" ind1=" " ind2=" ">
<subfield code="c">2020-03-31 00:00:00</subfield>
</dataField>   <datafield tag="856" ind1=" " ind2=" ">
<subfield code="q">application/pdf</subfield>
</datafield>
<datafield tag="856" ind1="4" ind2="0">
<subfield code="u">https://www.revistas.usp.br/actafisiatrica/article/view/169615</subfield>
</datafield>  <datafield tag="786" ind1="0" ind2=" ">
<subfield code="n">Acta Fisiátrica; v. 27 n. 1 (2020)</subfield>
</datafield>  <datafield tag="546" ind1=" " ind2=" ">
<subfield code="a">por</subfield>
</datafield>   <datafield tag="540" ind1=" " ind2=" ">
<subfield code="a">Copyright (c) 2020 Acta Fisiátrica</subfield>
</datafield>
</record>
</metadata>
</record>