
<record>
<header>
<identifier>oai:revistas.usp.br:article/169617</identifier>
<datestamp>2020-11-24T18:59:27Z</datestamp>
<setSpec>actafisiatrica:Art.+Orig.</setSpec>
<setSpec>driver</setSpec>
</header>
<metadata>
<record xmlns="http://www.loc.gov/MARC21/slim" xmlns:xsi="http://www.w3.org/2001/XMLSchema-instance" xsi:schemaLocation="http://www.loc.gov/MARC21/slim http://www.loc.gov/standards/marcxml/schema/MARC21slim.xsd">
<leader>     nmb a2200000Iu 4500</leader>
<controlfield tag="008">"200331 2020                        eng  "</controlfield>
<datafield tag="022" ind1="#" ind2="#">
<subfield code="$a">2317-0190</subfield>
</datafield>
<datafield tag="022" ind1="#" ind2="#">
<subfield code="$a">0104-7795</subfield>
</datafield>
<datafield tag="042" ind1=" " ind2=" ">
<subfield code="a">dc</subfield>
</datafield>
<datafield tag="245" ind1="0" ind2="0">
<subfield code="a">Dupla deficiência motora em um centro de reabilitação: hemiparesia após acidente vascular cerebral e amputação de membro inferior - Quem são eles?</subfield>
</datafield>  <datafield tag="720" ind1="1" ind2=" ">
<subfield code="a">Makhoul, Marina Portugal</subfield>
<subfield code="u">Associação de Assistência a Criança Deficiente – AACD</subfield><subfield code="0">https://orcid.org/0000-0002-1459-5354</subfield></datafield>
<datafield tag="720" ind1="1" ind2=" ">
<subfield code="a">Santana, Kelly de Jesus</subfield>
<subfield code="u">Associação de Assistência a Criança Deficiente – AACD</subfield><subfield code="0">https://orcid.org/0000-0002-0006-8617</subfield></datafield>
<datafield tag="720" ind1="1" ind2=" ">
<subfield code="a">Lopes, Uleida de Brito Lima</subfield>
<subfield code="u">Associação de Assistência a Criança Deficiente – AACD</subfield><subfield code="0">https://orcid.org/0000-0001-9695-3460</subfield></datafield>
<datafield tag="720" ind1="1" ind2=" ">
<subfield code="a">Rodrigues, Nádia Baggio Barreto</subfield>
<subfield code="u">Associação de Assistência a Criança Deficiente – AACD</subfield><subfield code="0">https://orcid.org/0000-0002-6785-7493</subfield></datafield>
<datafield tag="720" ind1="1" ind2=" ">
<subfield code="a">Dell’Aglio, Christina de Farias</subfield>
<subfield code="u">Associação de Assistência a Criança Deficiente – AACD</subfield><subfield code="0">https://orcid.org/0000-0001-8353-2923</subfield></datafield>
<datafield tag="720" ind1="1" ind2=" ">
<subfield code="a">de Oliveira, Clarissa Barros</subfield>
<subfield code="u">Associação de Assistência a Criança Deficiente – AACD</subfield><subfield code="0">https://orcid.org/0000-0001-8644-7337</subfield></datafield>
<datafield tag="720" ind1="1" ind2=" ">
<subfield code="a">Ingham, Sheila Jean McNeill</subfield>
<subfield code="u">Associação de Assistência a Criança Deficiente – AACD</subfield><subfield code="0">https://orcid.org/0000-0003-2072-1094</subfield></datafield>
<datafield tag="520" ind1=" " ind2=" ">
<subfield code="a"> Objectives: To estimate the prevalence of dual motor disability and to identify social, demographic, clinical and rehabilitation-related characteristics. Methods: Retrospective descriptive study in an outpatient rehabilitation center with individuals with dual motor disability from major lower limb amputation associated to post-stroke hemiparesis. Social demographic, clinical and rehabilitation characteristics data were collected from medical record. Results: The prevalence of dual motor disability was 5.4%. Seventy-six subjects were evaluated, 69.7% were male, with a mean age of 65.6 ± 9.3 years. Hypertension was present in 96.1% of subjects, and 25% were smokers. Over 73% of patients had had the stroke prior to amputation. Time elapsed between lesions had a median of 23 months, and sequelae were ipsilateral in 51.3% of patients. Of these, 54 patients (71%) were referred to physical therapy. The time interval between dual disability and the beginning of therapy was 28 months, with total rehabilitation time of 14.3 months. At rehabilitation completion, 36% achieved their goals but 30% were discharges consequent to lack of compliance. Conclusion: The prevalence of dual motor disability due to hemiparesis secondary to stroke and lower limb amputation in a rehabilitation center was 5.4%. Our population showed singular characteristics related to the rehabilitation process, such as a long time between the occurrence of dual disability and the beginning of rehabilitation, and long rehabilitation period. </subfield>
</datafield>
<datafield tag="260" ind1=" " ind2=" ">
<subfield code="b">Faculdade de Medicina, Universidade de São Paulo</subfield>
</datafield>
<dataField tag="260" ind1=" " ind2=" ">
<subfield code="c">2020-03-31 00:00:00</subfield>
</dataField>   <datafield tag="856" ind1=" " ind2=" ">
<subfield code="q">application/pdf</subfield>
</datafield>
<datafield tag="856" ind1="4" ind2="0">
<subfield code="u">https://www.revistas.usp.br/actafisiatrica/article/view/169617</subfield>
</datafield>  <datafield tag="786" ind1="0" ind2=" ">
<subfield code="n">Acta Fisiátrica; v. 27 n. 1 (2020)</subfield>
</datafield>  <datafield tag="546" ind1=" " ind2=" ">
<subfield code="a">eng</subfield>
</datafield>   <datafield tag="540" ind1=" " ind2=" ">
<subfield code="a">Copyright (c) 2020 Acta Fisiátrica</subfield>
</datafield>
</record>
</metadata>
</record>