
<record>
<header>
<identifier>oai:revistas.usp.br:article/169816</identifier>
<datestamp>2020-11-06T10:09:11Z</datestamp>
<setSpec>actafisiatrica:Tend.+Refle.</setSpec>
<setSpec>driver</setSpec>
</header>
<metadata>
<record xmlns="http://www.loc.gov/MARC21/slim" xmlns:xsi="http://www.w3.org/2001/XMLSchema-instance" xsi:schemaLocation="http://www.loc.gov/MARC21/slim http://www.loc.gov/standards/marcxml/schema/MARC21slim.xsd">
<leader>     nmb a2200000Iu 4500</leader>
<controlfield tag="008">"191231 2019                        eng  "</controlfield>
<datafield tag="022" ind1="#" ind2="#">
<subfield code="$a">2317-0190</subfield>
</datafield>
<datafield tag="022" ind1="#" ind2="#">
<subfield code="$a">0104-7795</subfield>
</datafield>
<datafield tag="042" ind1=" " ind2=" ">
<subfield code="a">dc</subfield>
</datafield>
<datafield tag="245" ind1="0" ind2="0">
<subfield code="a">Considerações sobre a discussão da revisão do esquema da Classificação Internacional de Funcionalidade, Incapacidade e Saúde (CIF)</subfield>
</datafield>  <datafield tag="720" ind1="1" ind2=" ">
<subfield code="a">Castro, Shamyr Sulyvan</subfield>
<subfield code="u">Universidade Federal do Ceará - UFC</subfield><subfield code="0">https://orcid.org/0000-0002-2661-7899</subfield></datafield>
<datafield tag="720" ind1="1" ind2=" ">
<subfield code="a">Almeida Filho, Paulo Sergio Batista</subfield>
<subfield code="u">Universidade Federal do Ceará - UFC</subfield><subfield code="0">https://orcid.org/0000-0003-1974-6462</subfield></datafield>
<datafield tag="720" ind1="1" ind2=" ">
<subfield code="a">Bonates, Mara Franklin</subfield>
<subfield code="u">Universidade Federal do Ceará - UFC</subfield><subfield code="0">https://orcid.org/0000-0002-8173-1942</subfield></datafield>
<datafield tag="720" ind1="1" ind2=" ">
<subfield code="a">Silva, Maria Caroline</subfield>
<subfield code="u">Universidade Federal do Ceará - UFC</subfield><subfield code="0">https://orcid.org/0000-0002-4726-7947</subfield></datafield>
<datafield tag="720" ind1="1" ind2=" ">
<subfield code="a">Ribeiro, Luciana Castaneda</subfield>
<subfield code="u">Instituto Federal do Rio de Janeiro – IFRJ</subfield><subfield code="0">https://orcid.org/0000-0001-8573-342X</subfield></datafield>
<datafield tag="520" ind1=" " ind2=" ">
<subfield code="a"> The International Classification of Functioning, Disability and Health (ICF) presents an innovative approach to functioning: the biopsychosocial model. Since then, the ICF framework and its explanatory scheme has been used in many settings, including health, social security, and education. Recently, some criticism has arisen and proposals have ensued regarding its revisions. Objective: This paper discusses previous proposals for revisions to the ICF scheme and present suggestions of a new one. Methods: We outline some of the suggestions of ICF alternative functioning schemes, and present some of their features. Results: We also propose our own scheme, highlighting its advantages over predecessors. In our proposal, current scheme components are kept and arranged equidistantly along a three dimension ‘ball shell’ structure connected by double-headed arrows. Our scheme is innovative in that it does not present any component as central, allowing the scheme to be more adaptable to the reality of each functioning profile. It is also dynamic, by rotating on 3 axes, making possible the central positioning of the most important component. The spheres for each component can be enlarged, demonstrating ​​the magnitude of each component. Conclusion: We hope to contribute to the current discussion on ICF scheme and its revision. </subfield>
</datafield>
<datafield tag="260" ind1=" " ind2=" ">
<subfield code="b">Faculdade de Medicina, Universidade de São Paulo</subfield>
</datafield>
<dataField tag="260" ind1=" " ind2=" ">
<subfield code="c">2019-12-31 00:00:00</subfield>
</dataField>   <datafield tag="856" ind1=" " ind2=" ">
<subfield code="q">application/pdf</subfield>
</datafield>
<datafield tag="856" ind1="4" ind2="0">
<subfield code="u">https://www.revistas.usp.br/actafisiatrica/article/view/169816</subfield>
</datafield>  <datafield tag="786" ind1="0" ind2=" ">
<subfield code="n">Acta Fisiátrica; v. 26 n. 4 (2019)</subfield>
</datafield>  <datafield tag="546" ind1=" " ind2=" ">
<subfield code="a">eng</subfield>
</datafield>   <datafield tag="540" ind1=" " ind2=" ">
<subfield code="a">Copyright (c) 2019 Acta Fisiátrica</subfield>
</datafield>
</record>
</metadata>
</record>
<resumptionToken expirationDate="2023-08-08T14:50:30Z" completeListSize="935" cursor="725">b3f790c3521f894910c038443fbf8fae</resumptionToken>
</ListRecords>
</OAI-PMH> 